2798 4756
492 347 783 420 emesenum.
1097 361 1163 428 635

104 520 373 587 ἀοιῑιοθεῑτιινὴ.1
404 519 617 586 Praesertim
637 533 786 608 spectare
803 523 843 588 sd
867 525 912 605 id,
938 525 1030 612 qu'od
1050 525 1156 618 aliquo

104 609 234 672 ratione
252 605 526 670 'constituendum
553 608 615 688 sit,
652 629 720 671 non
747 609 989 692 adtalionem,
1020 627 1083 700 qna
1104 629 1155 682 res

104 694 343 758 eonstitustnrt
367 691 506 773 ideoque
522 691 586 756 diei
602 713 670 756 rem
688 693 861 760 secedente
874 700 1058 763 onasum}
1074 721 1156 766 oon*

103 777 230 842 ditione
247 777 422 864 praecipue
441 773 523 839 fieri.
569 777 682 858 Quare
707 781 886 844 secundnm
911 782 1156 867 logiasmsmo-

102 863 203 942 dum,
227 865 370 926 orationi
393 861 536 949 simplici
563 873 596 927 et
620 861 710 950 gravi
730 875 843 950 aptum
860 889 931 932 esse
949 873 1155 955 praesertim

102 971 215 1037 mum,
235 949 291 1013 sed
310 958 499 1011 commotae
510 958 542 1010 et.
558 949 764 1030 emphatinne
779 951 917 1016 alterum
933 975 1034 1038 qaum
1049 975 1154 1044 praet·

101 1035 230 1100 sertim.
274 1033 363 1119 Ergo
386 1033 441 1118 qui
465 1033 508 1096 ita
533 1033 691 1120 loquitur,
715 1037 1002 1102 suimumlisbeot
1018 1063 1153 1108 necesse

102 1131 152 1185 est
186 1119 236 1183 vel
268 1118 471 1204 aegritudine
510 1117 560 1183 vel
597 1121 825 1206 indign-stione
865 1123 1003 1188 velalio
1034 1127 1154 1193 affeetu

101 1215 322 1270 commotum.
374 1207 416 1267 At
433 1205 500 1269 Cio.
518 1203 560 1270 de
577 1205 640 1268 Off.
659 1211 690 1284 2,
709 1211 759 1286 16,
783 1209 890 1271 56..ιή
911 1209 965 1272 liis
987 1211 1154 1278 immani·

99 1291 161 1354 hirs
175 1290 319 1356 iacturis
331 1285 542 1377 infinitisque
556 1292 746 1377 sumptibus
761 1292 852 1356 uiuit
864 1317 924 1357 uos
942 1317 1154 1384 magnopere

99 1377 237 1452 mirari,
268 1397 369 1462 quiam
388 1376 600 1466 praesertim
620 1400 727 1464 usque
749 1379 947 1458 raucessituti
963 1381 1152 1460 subvenia-

5 1471 11 1478 “
99 1473 167 1534 tur,
192 1485 253 1526 uec
268 1461 428 1548 dignitas
445 1473 629 1548 erigentur.
652 1464 693 1526 de
708 1461 778 1526 Fin.
791 1469 828 1540 i,
847 1465 878 1537 8,
893 1467 949 1530 iis
961 1480 1051 1531 reete
1067 1491 1151 1556 ergo

100 1548 263 1634 integat,
284 1569 446 1633 umquam
462 1545 544 1611 liene
560 1569 718 1612 coenasse
737 1543 956 1626 Gallonium,
977 1565 1067 1617 seete
1081 1555 1151 1618 mi·-

98 1655 222 1704 semm,
245 1655 347 1718 quum
373 1633 578 1718 praesertim
600 1633 637 1696 ia
662 1657 700 1697 eo
721 1656 821 1700 omne
847 1635 1002 1700 illidium
1024 1661 1151 1702 saurus

98 1729 216 1784 meret.
260 1718 400 1796 Quintil.
418 1723 449 1796 2,
465 1723 517 1792 21,
539 1723 585 1782 13.
604 1741 709 1803 qsaare
722 1719 834 1804 igitur
848 1733 1032 1803 oratorem,
1052 1747 1153 1809 quem

99 1827 124 1869 a
143 1803 229 1868 bono
244 1803 315 1867 siro
328 1827 397 1866 riou
412 1825 547 1888 separo,
570 1804 606 1866 iu
622 1802 744 1868 eadam
755 1808 917 1870 'mmerio
941 1811 1151 1873 uersatimi-

99 1887 180 1954 rer?
209 1911 311 1976 quam
332 1889 541 1976 praesertim
565 1889 683 1974 primo
715 1889 802 1952 libro
832 1892 906 1954 ium
933 1893 1150 1976 ostenderim,

95 1973 316 2064 philosophos
339 1973 502 2038 omissum
532 1973 622 2036 lianc
648 1971 905 2038 adoratoribus
928 1991 1070 2062 partem
1091 2004 1150 2044 oe-

98 2081 251 2147 euposse.
295 2057 329 2122 ln
355 2059 403 2122 his
421 2057 571 2144 profecto
600 2059 691 2122 nullo
713 2072 761 2124 est
785 2061 948 2148 emphasis
974 2065 1148 2130 exanimo

98 2155 272 2210 commoto
291 2145 460 2232 prolecto,
482 2145 537 2207 sed
558 2143 806 2209 demonstratio·
821 2167 895 2210 enm
912 2145 1085 2232 singularis
1101 2153 1147 2216 rei

98 2231 324 2317 designatione
348 2230 533 2293 coniuncto.
585 2229 654 2292 Nee
678 2245 824 2295 caussam
847 2235 1030 2318 expositam
1055 2230 1150 2300 videss

98 2337 185 2394 mus,
207 2338 301 2400 quoe,
317 2325 521 2404 commutato
538 2313 655 2378 ordine
671 2315 863 2397 verborum,
881 2319 969 2381 illam
988 2319 1051 2382 vim
1068 2341 1148 2384 ors-

99 2403 182 2466 tion'i
199 2400 325 2465 offeret.
368 2400 432 2464 Sed
448 2401 557 2463 omnis
575 2399 655 2464 lineo
672 2401 822 2466 doctrino
847 2403 963 2468 nititur
987 2405 1145 2490 opinione

97 2487 139 2551 de
157 2487 315 2552 orationis
333 2483 483 2572 emphasi
505 2497 736 2572 praesumpta,
760 2492 842 2573 qu'se
858 2499 1062 2578 quantopere
1085 2512 1145 2554 su-

97 2585 226 2640 etorem
248 2593 344 2636 suum
369 2569 543 2646 fefellerit,
573 2571 626 2634 olii
646 2571 711 2636 inm
736 2571 950 2638 declararunt.
1002 2575 1146 2640 Orellius

97 2659 139 2726 ad
166 2659 234 2725 Cic.
258 2657 351 2722 Orat.
377 2661 410 2736 9,
437 2659 490 2724 se.
533 2644 683 2721 Kritzius
707 2657 749 2722 sd.
771 2657 903 2722 S'tttust.
929 2659 997 2724 cat.
1020 2661 1073 2740 51,
1093 2667 1145 2728 19.

97 2745 217 2831 aliique
233 2741 365 2807 nullum
389 2742 566 2808 discrimen
588 2744 674 2808 inter
695 2753 875 2832 utrumque
889 2745 1065 2814 verborum
1084 2769 1144 2812 or-

99 2831 210 2896 dinem
237 2839 453 2914 agnoverunt.

182 2915 394 2980 Praesertim
419 2915 458 2980 iis
483 2913 609 2988 verbis,
633 2934 717 2999 quse
732 2911 775 2994 od
788 2913 982 2981 sententiam
999 2915 1144 3004 amplifi-

97 2999 234 3066 candum
251 3000 422 3078 secedunt,
438 2999 673 3086 proemittitur,
698 3021 775 3062 rsro
792 3011 867 3086 post
884 3021 977 3066 suum
999 3003 1144 3067 toosbu·

96 3088 186 3162 lum,
211 3085 237 3149 ei
253 3107 355 3150 unum
377 3080 434 3166 est,
459 3086 606 3172 ponitur,
630 3095 666 3148 ut
685 3085 773 3170 opud
796 3085 864 3150 Cic.
887 3086 927 3150 de
953 3087 1020 3152 Oll.
1045 3095 1073 3165 1,
1090 3093 1148 3170 38,

98 3177 173 3238 137.
201 3169 253 3236 vd.
276 3193 310 3258 p.
336 3173 411 3237 532.
446 3181 501 3234 out
527 3172 612 3235 inter
638 3169 796 3238 vocabulo
822 3171 1017 3238 collocando
1038 3174 1144 3242 inter·
1221 3172 1225 3188 '

96 3261 251 3346 ponitur:
268 3255 322 3320 vd.
338 3281 370 3338 p.
387 3257 460 3323 538.
494 3259 605 3338 Qnsre
624 3254 722 3320 etism
747 3257 963 3320 enuntiationi
977 3259 1145 3322 conditio-

96 3343 165 3409 nsli
182 3353 213 3407 et
230 3341 363 3406 caussali
382 3343 566 3428 praeeedit,
588 3353 625 3406 ut
650 3341 691 3404 sit
703 3341 909 3431 praesertim
921 3342 962 3414 si,
977 3365 1148 3430 praeter--

97 3431 162 3495 tim
186 3450 298 3517 quium.
343 3427 407 3492 Sed
434 3439 513 3515 post
535 3427 801 3492 coniunctionem
825 3425 1010 3492 collocetur
1040 3430 1145 3514 purti-

97 3515 170 3582 onls
187 3527 359 3601 tamquam
382 3523 519 3580 attracto
543 3536 561 3580 s
584 3512 720 3597 reliquis
742 3511 847 3576 verbis
864 3512 916 3576 vel
933 3511 973 3576 ab
986 3533 1055 3577 uno
1076 3535 1147 3578 no-

96 3603 199 3676 mine,
223 3611 261 3664 ut
280 3611 335 3666 out
352 3621 512 3680 caussam,
528 3619 613 3684 quos
632 3607 850 3676 memoretur,
871 3597 1043 3682 imprimis·
1053 3600 1145 3684 eogi-

95 3685 234 3754 tendam
248 3707 316 3752 esse
331 3685 471 3766 indicet,
493 3695 549 3750 aut
570 3681 713 3762 nomini,
737 3683 789 3746 eui
803 3681 980 3768 praeeedit,
1001 3683 1145 3768 aliquam

95 3774 290 3864 gravitatem
305 3771 438 3836 tri-bunt.
482 3771 599 3836 Cieero
617 3770 645 3834 si
666 3768 850 3854 scripsisset
869 3767 965 3835 Verr.
977 3773 1009 3843 2,
1027 3773 1076 3848 18,
1091 3769 1145 3837 44.

93 3856 251 3960 profecto
268 3858 359 3922 euim
372 3878 504 4005 negare
519 3879 588 3922 uon
600 3863 708 3943 potes.
725 3865 758 3918 te
769 3877 817 3922 ‚es
827 3851 1056 3942 lege-Rupilia
1067 3877 1144 3920 sor-

96 3949 159 4014 tiri
177 3943 346 4008 iudicium
369 3941 412 4008 de
433 3941 540 4018 uisse,
567 3962 668 4028 quum
687 3937 868 4005 Heraclius
891 3937 931 4004 id
941 3940 1145 4025 postularet.

97 4032 132 4098 in
141 4027 293 4096 Heraclio
308 4049 374 4092 uns
391 4047 504 4092 censeo
517 4024 631 4092 fuisset
648 4025 759 4093 iudicii
773 4025 895 4112 exlege
902 4024 1077 4091 sortiendis
1093 4026 1146 4090 sin

92 4115 304 4205 praesertim
337 4135 429 4191 uum,
442 4114 603 4178 sententio
622 4121 717 4190 esset,
734 4122 767 4176 et
781 4111 887 4176 multo
902 4112 1030 4199 magis,
1044 4132 1146 4196 quum

97 4200 281 4282 Heraclius
296 4139 337 4270 ti
347 4197 556 4291 postularet:
576 4197 637 4266 sed
657 4197 788 4288 scripsit
801 4216 911 4287 quum
929 4195 1151 4287 praesertim,
