2854 4750
246 228 327 335 152'
566 334 568 336 ,
663 251 854 336 ’ΝΕῡνΜ.

313 435 404 492 Tacit.
420 434 494 490 nist.
517 436 551 489 do
566 436 644 492 Oret.
664 434 708 492 lu.
725 379 832 508 abundo
854 439 923 494 enim
949 439 1145 492 rarissimarum
1169 437 1309 490 recitatio·

214 582 216 590 y
313 539 377 574 num
388 515 470 592 sama
483 523 510 576 iu
527 531 611 578 totam
626 524 718 578 urtam
733 525 876 592 penetrat?
892 525 988 578 nedum
1006 533 1037 579 ut
1051 529 1149 596 pertot
1160 523 1310 592 provincias

313 606 470 661 innotescat.

330 757 363 822 d.
394 755 431 822 In
449 755 645 846 affirmativa
664 759 824 822 sententia
851 758 984 840 additur
1005 779 1066 843 per
1091 757 1219 824 aedium
1246 780 1310 836 res,

249 860 331 926 quae
348 864 452 928 quum
471 867 530 932 per
552 867 588 908 se
611 853 699 909 certa
725 856 781 908 aut
805 847 980 934 perspicua
1003 846 1064 924 sit,
1087 868 1130 910 ne
1154 845 1308 909 conside-

248 927 316 1008 rari
339 929 475 1014 quidem
503 929 610 994 debet.
654 927 721 993 Sed
747 941 859 1009 erant,
887 933 962 1017 qui,
988 942 1158 996 auctorem
1184 931 1311 996 Manu-

247 1011 332 1077 tium
349 1016 499 1102 sequuti,
521 1039 539 1080 a
557 1015 715 1080 Cicerone
732 1015 859 1080 nedum
875 1029 1041 1104 nusquam
1064 1014 1311 1103 positumesse,

144 1129 146 1134 ·
248 1097 313 1164 nisi
328 1102 544 1187 praecedente
561 1102 756 1188 negatione,
779 1101 955 1180 docerent,
978 1104 1139 1188 ideoque,
1164 1103 1219 1166 ubi
1239 1127 1310 1168 non

240 1205 404 1272 expressa
430 1199 532 1268 esset,
562 1197 683 1252 tectam
709 1188 854 1274 aliquam
876 1190 1087 1279 negationem
1117 1189 1153 1252 in
1176 1200 1311 1254 antece-

161 1321 171 1340 .
252 1269 407 1337 dentibus
424 1275 529 1338 verbis
547 1285 788 1362 supponerent.
831 1281 874 1340 At
891 1287 1009 1340 natura
1024 1274 1205 1362 particulae
1222 1287 1312 1341 recte

229 1371 426 1505 ¹perspecta
452 1360 580 1424 nullam
605 1359 744 1424 omnino
777 1359 1027 1450 ambiguitatem
1051 1361 1183 1426 subesse
1214 1373 1313 1450 puta-

274 1465 373 1510 nnus.

365 1564 423 1622 cto.
438 1566 473 1621 ad
486 1567 565 1620 Fam.
581 1565 608 1630 7,
624 1564 669 1630 28,
688 1563 715 1616 1.
735 1570 791 1617 erat
811 1563 878 1618 enirn
901 1565 983 1617 multo
997 1564 1157 1618 domicilium
1172 1565 1249 1618 liuius
1264 1585 1313 1620 ur-

321 1650 361 1702 bis
378 1678 414 1693 -
431 1653 521 1722 aptius
539 1649 703 1705 humanitati
722 1656 748 1700 et
769 1649 895 1701 suauitati
909 1658 987 1723 tuae,
1005 1666 1084 1717 auam
1105 1659 1160 1702 tota
1183 1653 1313 1720 Pelopon-

321 1751 413 1803 nesus,
430 1739 525 1796 nedum
541 1739 650 1790 Patrae.
680 1731 716 1788 'In
732 1734 786 1786 boo
805 1735 916 1802 quidem
939 1736 999 1788 loco
1023 1732 1140 1802 cogitari
1158 1742 1248 1818 potest
1269 1743 1313 1790 to-

323 1823 381 1873 tum
398 1823 616 1897 Belpponnesnm
636 1837 690 1874 non
707 1823 799 1886 aptam
820 1819 915 1873 luisse.
948 1819 1004 1874 Sed
1025 1818 1153 1888 intellige
1163 1819 1312 1898 ‘teatinam

321 1921 397 1973 ganz
415 1909 563 1978 atgeselmn
576 1925 626 1960 oon
642 1905 673 1958 P.
707 1904 822 1958 Sallust.
837 1905 897 1958 ear.
912 1903 958 1968 11,
974 1903 1000 1956 8.
1019 1904 1113 1973 quippe
1127 1908 1255 1960 secundae
1270 1927 1314 1961 res

322 1986 481 2058 sapientium
497 1983 598 2046 animer
608 1993 749 2061 fatigant,
767 1990 864 2042 nedum
882 1989 924 2041 illi
947 1991 1075 2059 corruptis
1097 1991 1209 2042 moribus
1229 1994 1315 2046 uicto-

323 2073 381 2128 riae
401 2083 552 2149 temperent.
587 2075 649 2130 niv.
671 2074 713 2140 1⁰,
727 2073 773 2136 32,
786 2071 813 2126 4.
838 2075 883 2126 ubi
904 2081 930 2127 et
953 2076 1068 2140 intrare,
1092 2076 1187 2128 nedum
1207 2086 1315 2132 vadare

324 2158 376 2228 ipsi
397 2162 555 2214 Samnitium
570 2156 669 2232 agruim
691 2161 895 2230 prohiberentur.
929 2151 1171 2212 Drakenborcbius
1185 2163 1315 2230 negatio·

324 2261 389 2298 narn
402 2245 430 2300 in
446 2247 580 2318 probibere
593 2244 729 2298 eonditum
749 2245 857 2298 solvere
872 2243 964 2316 111191,-
984 2243 1080 2298 nteit:
1097 2262 1149 2298 non
1165 2240 1313 2313 permitte-

303 2388 306 2394 ,
325 2337 422 2387 rentur
442 2333 562 2398 intrare,
579 2332 679 2385 nedum
696 2336 816 2383 vastare.
853 2327 955 2396 Quidni
978 2346 1061 2381 vero:
1079 2328 1199 2396 intrare,
1216 2351 1252 2386 no
1266 2335 1314 2388 di-

326 2431 388 2472 eum
412 2425 539 2484 vastate,
572 2416 805 2486 prohiberentur?
838 2415 883 2479 28,
900 2413 944 2481 4⁰,
960 2414 1002 2466 11.
1025 2417 1103 2471 ,rebus
1127 2420 1206 2486 quain
1228 2421 1315 2472 certis

325 2505 425 2570 assequi
445 2505 544 2566 malui,
565 2510 612 2568 ut,
639 2503 686 2572 qui
706 2503 816 2554 aliorum
834 2502 935 2554 'iudicio
964 2501 1030 2576 milri
1051 2509 1219 2569 comparatus
1245 2513 1314 2569 erat,

251 2629 258 2642 ,
325 2599 375 2636 sua
396 2603 456 2640 moa
479 2589 636 2656 confessione
658 2604 700 2639 me
722 2587 771 2640 siti
792 2591 959 2662 praeferret.-
975 2587 1070 2640 nedum
1093 2603 1144 2656 ego
1161 2593 1315 2655 perfunctus
1418 2619 1419 2648 ;

294 2699 297 2706 «
326 2669 464 2726 bonoribus
482 2673 626 2726 ornamina
641 2673 707 2724 mitt
722 2678 801 2739 atque
815 2673 999 2724 aemulationes
1012 2688 1069 2722 cum
1091 2673 1251 2726 adolescente
1259 2678 1314 2742 fio·
1332 2658 1340 2673 ⁵

326 2756 474 2810 santissimo
487 2774 643 2826 proponam.
663 2755 770 2816 ‚Tacit
783 2755 852 2808 Anu.
869 2742 912 2821 13,
923 2756 966 2808 2⁰.
984 2757 1029 2809 sed
1047 2757 1202 2823 cuicumque,
1220 2761 1315 2814 uadum

227 2896 230 2903 ,
325 2842 447 2909 portati,
463 2843 637 2914 defensionem
651 2843 826 2896 tribuendam.
861 2841 905 2906 13,
920 2839 965 2898 38.
999 2839 1072 2894 uta.
1092 2839 1119 2906 3,
1136 2840 1180 2896 66.

344 2999 375 3062 6.
398 2993 468 3062 Hac
485 2997 614 3064 ratione
640 3008 780 3086 possunt
802 2989 1064 3086 componiduae
1080 3020 1131 3062 res
1140 3047 1150 3080 ,
1172 3021 1315 3086 quarum

204 3130 207 3144 s
260 3081 484 3148 alteramulto
510 3086 616 3172 magis
633 3085 737 3168 valet,
756 3095 812 3160 ut,
835 3087 928 3149 omni
951 3081 1155 3162 dubitatione
1173 3099 1315 3166 exemta,
1411 3082 1412 3090 ¹

258 3189 301 3231 ne
319 3168 547 3256 designatione
567 3169 701 3257 quidem
723 3193 808 3258 opus
834 3194 903 3236 esse
924 3170 1080 3235 videatur.
1124 3171 1174 3234 lta
1198 3171 1256 3250 fit,
1279 3184 1317 3238 ut

259 3253 386 3319 nedum
401 3258 566 3344 exprimat
582 3257 689 3321 multo
712 3257 840 3344 magis.
883 3257 995 3320 Prima
1018 3278 1055 3320 re
1080 3257 1188 3343 posita
1215 3259 1315 3323 etiam
1418 3285 1419 3338 4

260 3341 360 3406 altera
378 3345 525 3430 ponitur.
571 3345 677 3430 Atque
694 3343 899 3407 collocantur
915 3341 950 3405 in
971 3339 1098 3406 duabus
1113 3343 1316 3410 enuntiatio-

259 3429 310 3492 nis
325 3429 475 3516 partibus
498 3427 598 3494 verba
626 3429 733 3493 etiam
748 3467 792 3478 -
810 3427 954 3506 nedum,
976 3449 1103 3516 qaoque
1119 3421 1315 3507 -'nedum,
1418 3465 1419 3496 i

261 3535 407 3600 quorum
425 3513 579 3602 exempla
598 3514 672 3580 vide
695 3515 726 3580 T
729 3537 798 3584 om.
813 3521 854 3594 2.
866 3537 899 3602 p.
915 3517 995 3580 563.
1014 3513 1066 3579 ael
1078 3551 1119 3564 -
1135 3515 1275 3581 nedum.

375 3651 489 3720 Quintil.
513 3651 658 3718 12‚1‚38.
691 3671 722 3704 ac
743 3654 858 3722 primum
879 3653 1016 3704 concedant
1038 3651 1104 3704 milri
1128 3669 1214 3706 omnes
1239 3672 1317 3722 opor-

330 3743 385 3802 tet,
400 3766 434 3778 ·-
446 3743 587 3806 saetarum
602 3739 746 3808 aliquando
759 3738 847 3818 uirum
870 3737 982 3814 dquam,
1001 3743 1031 3788 ut
1047 3739 1213 3790 mendacium
1234 3741 1316 3805 dicat,

329 3829 352 3874 et
366 3823 469 3890 quidem
486 3837 684 3893 nonnumquam
698 3823 834 3875 leuioribus
850 3821 961 3886 causalo,
983 3828 1012 3874 ut
1027 3823 1053 3874 in
1068 3825 1155 3891 pueris
1172 3832 1318 3892 aegrotan-

125 3923 127 3927 ·
228 3907 249 3946 Ν
327 3908 395 3959 titus
412 3909 538 3961 utilitatis
553 3927 641 3962 eoram
653 3909 748 3978 gratia
765 3907 988 3976 multafingimus
1001 3935 1052 3972 -,
1070 3909 1166 3960 nedum
1182 3909 1206 3960 si
1221 3912 1256 3962 alr
1271 3911 1318 3962 lto-
1418 3955 1419 3976 ,

112 4059 121 4066 „
158 4041 163 4050 s
212 4011 217 4014 ’
327 3993 395 4048 miae
408 3995 546 4049 occidendo
560 4002 697 4064 mascator
710 3993 865 4046 avertendus
881 3993 925 4045 sit.

286 4123 289 4130 '
374 4110 631 4166 Sucronemne.
655 4129 722 4182 quae
737 4079 869 4167 aaaron
884 4129 983 4182 qaoque
1005 4113 1106 4180 adhuc,
1125 4113 1319 4188 nedumpcoeli-
1418 4159 1419 4168 ,
