2876 4752
592 361 694 440 NISI·
1093 373 1157 448 cet

167 531 323 620 scripsisset
336 533 424 606 stega
436 549 489 588 aon
512 536 648 603 mim,
674 531 764 590 maior
782 535 827 592 vis
837 509 943 594 ⁴inesset
958 537 987 594 ia
1002 508 1159 600 cmliii'onc

167 621 325 690 suppositae
341 639 415 674 wana
436 621 480 674 icit
495 621 597 676 sicut
615 622 769 691 gekommca
782 625 870 689 urire,
888 639 936 676 aas
953 623 1011 678 ium
1023 641 1091 680 vcro
1106 629 1158 683 uda

167 705 266 759 haeret
282 703 418 760 sententia
430 703 532 758 minori
553 723 615 757 cnm
632 704 677 760 vir
697 724 724 760 es
744 701 996 779 wire-[gestiebam
1024 727 1098 770 occu
1111 742 1156 784 -,

166 792 314 862 ulgeultcn
336 791 421 844 dauco
435 792 496 857 dass
511 789 553 842 tet
566 790 637 844 kant.

203 891 263 945 (lic.
278 890 313 942 (lc
329 887 390 942 uin.
407 887 434 956 5,
450 889 495 956 29,
511 887 554 942 87.
570 889 710 960 pollicetur
727 895 806 944 certa.
844 891 906 946 Nat
919 891 948 946 id
964 897 1082 964 sumet,
1109 913 1158 954 cur

149 1004 153 1012 ·
172 978 255 1030 Plato
270 977 423 1044 Aegpptum
441 973 622 1044 peragravit?
651 975 683 1027 ln
698 974 745 1028 hic
765 993 815 1030 ncc
826 981 931 1046 faceret
947 995 997 1045 pra
1010 984 1092 1047 facit,
1105 999 1157 1037 nec

165 1062 325 1132 peragravit
342 1075 393 1126 pro
410 1060 604 1130 peragravissct
628 1065 670 1114 est
694 1059 808 1114 nictum.
849 1061 1035 1132 iuterrogatio
1049 1073 1157 1136 spectat

166 1145 204 1200 utl
221 1161 347 1200 caussam
364 1143 406 1196 rei
422 1161 488 1196 vcro
510 1145 610 1197 tactae.

204 1247 267 1314 Quo
289 1244 369 1298 mola
387 1243 501 1298 differat
529 1243 724 1312 imperiectum
747 1255 765 1296 ι
789 1243 1068 1315 plusquamperfecto,
1084 1249 1157 1306 nihil
1265 1272 1270 1284 =

167 1329 269 1386 attinet
285 1329 320 1384 acl
335 1333 498 1397 potestatem
513 1328 677 1400 particulae.
701 1329 742 1380 lle
759 1329 813 1382 hac
828 1347 860 1382 rc
875 1329 1070 1399 diremerunt,
1087 1354 1157 1404 qnos

165 1413 288 1470 Ennius
310 1414 432 1468 nominat
453 1415 481 1468 iu
504 1413 578 1468 notis
603 1414 638 1468 ull
663 1413 786 1483 Reisigii
805 1416 928 1470 Gratum.
944 1433 972 1484 p.
1000 1414 1060 1472 528.
1078 1420 1157 1476 Atos

165 1500 327 1556 Ellendtum
345 1499 505 1576 ‹lsJFormis
524 1503 617 1555 enuat.
638 1499 739 1552 condit.
764 1518 792 1570 p.
816 1498 860 1556 83.
886 1500 1024 1558 lllotziuan
1039 1504 1075 1570 etl
1097 1504 1157 1560 cic.

163 1585 253 1646 Tunc.
271 1583 298 1652 4,
317 1584 362 1651 at,
378 1581 423 1638 78.

180 1699 213 1762 6.
256 1695 306 1762 ΔΙ)
327 1695 480 1760 universa
511 1693 568 1760 illa
592 1693 797 1783 exceptionis
816 1694 946 1762 ratione
967 1719 1038 1763 non
1059 1721 1156 1766 rece-

95 1780 182 1846 dunt
204 1803 261 1844 eae
291 1779 462 1858 dictiones,
493 1782 612 1866 quibus
644 1789 723 1878 post
761 1781 901 1844 nomina
932 1784 1154 1852 multitudinis

94 1867 148 1932 vel
171 1867 359 1954 quantitatis
388 1866 557 1931 adduntur
579 1889 626 1944 ea,
651 1887 734 1953 quae
764 1867 984 1954 excipiantur.
1027 1871 1156 1938 Dicitur

94 1955 198 2040 igitur
213 1953 283 2021 nisi
304 1952 419 2017 codem
442 1951 511 2018 sere
533 1967 640 2034 sensu,
663 1973 731 2038 quo
749 1963 902 2039 praeter.
951 1953 1014 2018 Sed
1031 1955 1157 2024 horum

94 2039 279 2106 verborum
307 2037 527 2102 diflerentiam
559 2039 618 2103 viri
646 2035 738 2102 docti
767 2059 838 2102 non
859 2059 926 2102 uno
946 2041 1049 2105 modo
1074 2043 1158 2108 defi-

94 2125 204 2190 niunt.
247 2123 431 2210 Herzogius
461 2145 495 2212 p.
527 2127 578 2188 19.
607 2131 785 2204 monstrat,
809 2135 954 2210 practer
973 2147 1043 2191 csse
1064 2129 1155 2194 rele-

94 2213 199 2277 rentis
225 2220 259 2276 et
280 2209 487 2274 numerando
511 2209 702 2297 excipientis
725 2207 788 2290 ita,
811 2217 849 2272 ut
870 2231 939 2273 csse
963 2209 1113 2290 debeant,
1136 2238 1156 2282 a

96 2297 218 2386 quibus
246 2317 351 2360 unum
383 2295 432 2358 vel
461 2295 560 2382 plura
594 2296 803 2376 eximantur,
831 2293 1090 2380 velimultitudo
1113 2321 1156 2366 ex

96 2401 165 2470 qun
186 2381 311 2466 aliquid
331 2380 524 2468 excipiatur.
576 2379 768 2468 Simplicior
795 2389 828 2443 et
854 2383 958 2467 magis
978 2385 1156 2472 perspicua

94 2467 180 2534 mihi
204 2467 334 2546 videtur
356 2489 425 2531 esse
446 2467 530 2530 ratio
552 2465 654 2531 haece
687 2487 749 2553 per
763 2477 909 2552 praeter
931 2465 1154 2556 significamus

95 2577 150 2636 ea,
177 2575 261 2641 quac
284 2554 318 2617 in
342 2553 424 2639 ipsis
453 2552 552 2617 rebus
584 2563 731 2639 separata
763 2561 795 2614 et
827 2563 964 2639 excepta
988 2557 1155 2644 conspici⁴

94 2661 170 2706 mus
194 2649 251 2706 aut
276 2637 451 2704 eximenda
473 2659 549 2702 essc-
561 2637 713 2718 dicimus,
737 2647 766 2702 et
787 2637 830 2702 ita
852 2639 998 2724 quidem,
1018 2651 1055 2705 ut
1079 2642 1155 2728 pri·
1180 2702 1183 2712 ,

94 2725 201 2794 maria
225 2726 385 2794 sententia
406 2723 570 2789 emineat:
600 2724 670 2788 nisi
691 2733 801 2788 autem
824 2722 865 2786 ad
887 2724 1046 2790 iudicium
1072 2750 1155 2816 per·

93 2815 179 2880 tinet
198 2821 232 2875 et
247 2811 400 2898 exceptio
412 2807 454 2888 fit
474 2810 684 2897 cogitatione.
725 2806 811 2874 Nam
836 2831 942 2895 quum
966 2811 1087 2878 Caesar
1104 2814 1151 2879 ait

93 2897 131 2964 B.
150 2897 228 2986 gall.
244 2901 276 2977 6,
288 2901 320 2964 8.
336 2917 438 2983 qristm
449 2885 575 2982 riliqui
584 2905 727 3044 praeter
745 2893 944 2960 Senones-
969 2899 1156 2965 vaniscente
1190 2928 1200 2942 ·

95 2983 247 3048 Senones
271 2981 403 3048 relictos
434 2990 466 3044 et
494 2981 533 3044 ab
571 2977 642 3058 uiis
673 2989 840 3066 separatos
871 2986 1063 3070 conspexit:
1092 3006 1155 3050 nec

92 3077 231 3158 poterut
252 3067 320 3131 ullo
339 3076 437 3154 pacto
460 3065 524 3132 dici
545 3065 623 3130 nisi.
648 3064 730 3128 “Sed
746 3064 804 3128 ubi
823 3064 894 3130 nisi
909 3067 1035 3147 dicitur,
1058 3070 1155 3155 cogi-

92 3165 224 3232 tamus,
245 3175 314 3217 non
337 3163 488 3242 constare
504 3171 682 3216 numerum
707 3149 756 3216 vel
777 3151 1025 3218 multitudinem
1047 3155 1154 3221 modo

93 3239 231 3317 dictam,
275 3239 304 3304 si
343 3238 416 3324 quis
441 3236 491 3302 ad
522 3259 578 3316 cn,
605 3238 692 3388 pluae
730 3237 948 3324 excipiantur,
988 3241 1154 3326 respiciat.

95 3328 213 3406 Quare
223 3345 264 3388 ex
282 3335 374 3407 parte
384 3323 491 3412 aliqua
507 3332 597 3388 recte
638 3323 787 3410 einogius
807 3321 1003 3401 observavit,
1013 3337 1156 3410 praeter

92 3411 209 3477 locum
231 3409 353 3474 habere
386 3409 422 3474 in
452 3408 667 3473 relationibus
696 3419 729 3473 ct
756 3403 792 3472 in
818 3406 936 3488 rebus,
973 3431 1055 3494 quae
1080 3432 1154 3476 vere

93 3493 172 3576 sint,
188 3493 421 3582 significandis.
444 3494 548 3584 Saepe
563 3493 599 3559 in
628 3493 800 3558 reddendo
818 3493 978 3558 vocabulo
1002 3493 1072 3560 uisi
1093 3495 1154 3560 ad-

93 3579 212 3646 hibere
237 3581 359 3670 poteris
389 3577 580 3667 abgesehen
608 3601 682 3643 von.
740 3579 897 3644 Ceterum
918 3579 954 3650 in
977 3577 1040 3644 hac
1067 3603 1153 3648 con·
1230 3643 1233 3648 .

93 3678 202 3732 tracta
223 3667 373 3732 oratione
392 3667 582 3730 coniunctio
603 3664 721 3728 transit
744 3665 780 3728 in
804 3685 900 3728 usum
921 3665 1154 3750 adverbialem,

95 3764 126 3819 et
148 3762 405 3839 componuntur
433 3751 601 3816 interdum
623 3749 783 3816 vocabula
804 3749 1013 3817 insolentiori
1036 3755 1151 3840 modo,

94 3861 165 3927 quo
183 3839 283 3904 etiam
298 3860 351 3902 res
367 3836 486 3903 diversi
502 3836 629 3926 generis
648 3835 759 3924 excipi
778 3833 945 3902 dicuntur.

102 4007 105 4014 ,
199 3965 314 4018 Terent.
331 3967 432 4018 fleant.
451 3964 478 4030 1,
496 3965 522 4030 1,
541 3963 585 4025 9⁰.
602 3963 730 4028 ancittae,
747 3980 845 4029 semus,
870 3965 924 4018 aiat
945 3982 986 4018 eos
1007 3967 1052 4036 qut
1076 3983 1154 4038 opere
1253 3975 1258 3991 ⁸

162 4052 262 4104 raetica
272 4050 405 4118 jacincto
417 4051 502 4117 facite
513 4057 645 4118 sumptam
663 4049 921 4114 mecetranorum,
940 4051 1025 4106 amuis
1040 4051 1155 4120 produci

165 4152 198 4190 uo
214 4135 324 4188 vendidi.
359 4134 452 4188 Plaut.
469 4135 548 4202 Capt.
562 4131 590 4199 4,
605 4130 633 4198 4,
648 4133 674 4186 8.
690 4135 768 4188 uittas
785 4134 926 4202 culicesque
949 4135 1033 4192 omnis
1052 4141 1156 4204 masre-

163 4221 227 4294 μὴ,
236 4220 296 4288 taisi
309 4237 379 4292 quac
393 4220 520 4281 matida
533 4226 620 4276 uuit.
652 4217 767 4276 Sallust.
784 4219 846 4290 lug.
860 4217 948 4354 1}th
966 4220 1101 4288 mque
1114 4233 1155 4274 ce⁴
