2876 4752
210 361 213 368 »
255 335 317 399 na
432 333 435 338 ’
471 341 473 350 ·
642 328 772 419 aava.
814 327 915 406 nav.

143 513 146 530 '
253 501 351 568 etiam
369 499 489 588 respici
505 499 621 579 debet,
643 510 698 566 aut
718 501 829 582 minue
848 501 1032 585 valetpaat
1047 501 1212 586 singulare
1228 501 1312 590 quid

254 587 500 677 complectitur.
543 587 709 672 Nimirum
740 588 856 654 eadem
884 597 933 654 est
956 587 1063 664 ratio,
1088 589 1312 676 qua'eimpii·

253 695 325 739 cem
343 683 418 760 k‹eut
443 672 483 736 ab
507 669 632 758 dupiici
658 673 910 761 distinguimus,
934 684 967 738 ct
989 675 1074 742 sicut
1097 673 1179 739 illud
1210 695 1312 762 saepe

149 813 153 822 ,
250 759 401 826 redditur
415 757 576 846 peroder
593 759 699 841 ancli,
720 761 868 836 itaneu,
891 758 1107 847 praecedente
1122 783 1176 841 ne,
1204 761 1311 847 poni·
1397 799 1401 807 ·

250 859 308 911 tur
324 845 366 910 de
381 867 418 908 re
434 845 544 908 minus
563 843 679 909 odioso
700 846 750 910 vel
767 848 878 909 miuus
893 845 996 932 gravi.
1024 845 1111 909 Hoc
1127 844 1210 912 bene
1225 869 1312 934 per-

251 932 362 1020 spexit
384 931 567 1016 Herzogius
584 930 731 998 innotis
755 931 796 995 ad
821 931 915 996 Caes.
936 929 1018 996 Bell.
1037 931 1098 995 civ.
1119 937 1146 1004 t,
1165 938 1217 998 76.
1248 933 1311 996 sed

252 1017 449 1083 sententiam
464 1015 550 1079 hauc
567 1037 677 1080 veram
696 1039 736 1080 eo
761 1015 892 1092 dilatat,
913 1027 950 1080 ut
973 1017 1007 1080 in
1033 1016 1189 1082 omuibus
1212 1019 1311 1099 locis,
1380 1032 1385 1040 “

252 1105 287 1169 iu
312 1103 430 1190 quibus
454 1124 554 1166 ne-
569 1124 635 1165 neu
653 1113 920 1189 componuntur,
945 1101 1104 1180 niteram,
1130 1105 1221 1189 quad
1244 1127 1311 1192 per

251 1211 316 1255 neu
335 1189 474 1264 dicitur,
498 1187 652 1250 accedere
670 1189 835 1251 existimet
850 1199 1019 1272 tamquam
1037 1185 1232 1267 fortuitum,
1252 1180 1310 1274 atl-

253 1297 318 1362 que
334 1275 379 1339 ita
398 1271 578 1358 significari
595 1272 648 1350 id,
671 1274 762 1358 qaod
782 1273 958 1358 aliquunde
979 1271 1051 1336 fieri
1073 1296 1170 1361 posse
1192 1277 1309 1362 suspi-

251 1381 377 1425 cemur.
420 1357 459 1421 ln
477 1358 528 1420 his
548 1359 647 1422 etiam
666 1359 748 1422 duae
763 1369 873 1446 partes
894 1357 935 1420 nd
955 1379 1060 1422 unum
1083 1360 1221 1424 verbum
1245 1383 1310 1448 per

250 1467 294 1510 ne
313 1482 354 1494 -
370 1443 575 1510 neureserri
608 1447 760 1529 possunt.
814 1445 1031 1508 Germanicae
1057 1444 1189 1533 liuguae
1213 1445 1309 1511 deest

200 1541 203 1554 ⁴
250 1529 468 1604 vocabulum,
492 1527 582 1614 quod
597 1529 818 1618 respondente
843 1528 983 1612 dicimus
1004 1529 1078 1594 und
1097 1533 1308 1614 consentient,

249 1615 331 1682 oder
346 1616 435 1681 nacla
450 1614 556 1678 niclat.

351 1735 442 1788 Plaut.
463 1734 566 1787 Bacch.
591 1731 616 1798 4,
632 1733 657 1798 4,
674 1733 717 1786 89.
741 1734 820 1788 immo
839 1735 887 1786 tibi
918 1754 951 1790 ne
971 1743 1081 1799 noceat,
1109 1753 1160 1788 neu
1185 1737 1247 1804 qnid
1270 1739 1308 1790 ab

316 1837 374 1887 enm
388 1838 442 1873 rem
458 1825 613 1872 succensent.
647 1818 709 1872 Liv.
724 1817 751 1884 4,
767 1819 810 1884 30,
832 1819 875 1872 11.
896 1823 986 1874 datam
1005 1823 1066 1873 inde
1083 1817 1216 1890 negotium
1230 1824 1308 1874 aedi·

315 1906 399 1971 libne,
417 1912 447 1957 ut
464 1904 713 1968 animadverterent,
737 1923 771 1958 ne
786 1905 832 1972 qni
846 1907 897 1958 nini
921 1907 1022 1958 romani
1045 1905 1098 1969 dii,
1115 1921 1165 1957 nen
1179 1923 1229 1974 pun
1249 1907 1309 1960 atie

315 2007 387 2044 more
404 2007 483 2059 quum
496 1989 582 2057 patrio
608 1990 756 2042 calarentur.
793 1989 852 2042 Cic.
870 1991 904 2043 dc
922 1982 1197 2054 interminum
1217 1993 1307 2043 contin

314 2083 354 2128 eet
369 2083 446 2143 otpac
459 2092 516 2126 nna
530 2074 661 2143 pronicio,
685 2081 716 2126 ut
732 2092 764 2127 nc
779 2077 857 2128 nimie
870 2078 919 2128 cito
946 2077 1059 2145 diligere
1077 2067 1222 2143 incipiant,
1239 2085 1307 2128 nene

315 2160 448 2230 indigene.
482 2158 546 2211 ntia
562 2163 605 2210 eet
624 2157 774 2224 sententia,
795 2159 903 2228 quenda
927 2177 990 2212 cum
1013 2158 1168 2212 Goerenzio
1191 2159 1306 2214 coniicie

314 2253 345 2302 nt
361 2263 424 2298 nene
437 2245 514 2297 nimie
530 2245 581 2298 cito
598 2272 632 2284 -
648 2261 710 2298 neve
726 2245 861 2314 indignae.

279 2421 283 2430 .
351 2349 431 2404 caen.
445 2327 527 2402 'nera
549 2345 603 2400 cir.
616 2346 642 2414 1,
658 2344 796 2414 idsteten
818 2349 852 2402 ab
873 2349 1031 2418 imperatore
1051 2347 1084 2399 de
1108 2347 1201 2400 Petreio·
1224 2354 1306 2418 etque

314 2433 428 2502 Afranii
443 2434 500 2486 nito
519 2439 628 2502 petant,
655 2433 771 2499 nequod
793 2433 823 2486 in
841 2452 869 2487 ee
894 2433 974 2487 aceiae
995 2431 1152 2501 concepisse,
1177 2451 1227 2486 nen
1243 2451 1305 2488 enon

311 2519 456 2590 prndidieee
470 2519 616 2571 uideantur.
649 2515 699 2568 ubi
714 2533 767 2570 non
780 2523 821 2571 ent
834 2515 906 2586 quad
923 2517 1023 2570 reddas
1037 2518 1120 2570 caeder
1133 2545 1168 2556 -
1183 2521 1259 2571 naen.

349 2620 464 2674 Terent.
479 2619 551 2674 Hec.
565 2617 591 2684 4,
605 2619 632 2684 2,
648 2618 693 2672 1⁰.
709 2636 761 2689 ego
774 2637 820 2672 nne
834 2621 966 2674 abiturum
983 2621 1044 2672 hinc
1059 2637 1117 2673 cnm
1136 2628 1180 2674 tan
1194 2637 1236 2674 nan
1248 2639 1304 2676 eene

286 2714 382 2782 ¹certo
405 2706 505 2760 deercn
524 2712 619 2776 patre,
646 2719 680 2758 ne
699 2719 758 2758 naen
776 2706 924 2774 praecentio
944 2708 1039 2772 obstet,
1056 2723 1106 2760 nen
1129 2722 1224 2760 cenna
1244 2707 1303 2762 uua

312 2787 389 2847 retici
400 2793 510 2859 reliquo.
618 2805 619 2810 ’
688 2807 691 2820 ¹

348 2894 391 2948 nt
406 2910 491 2948 anam
506 2891 623 2946 verbnm
638 2890 795 2946 referuntur
810 2892 882 2946 dnae
898 2896 991 2962 purten
1006 2889 1168 2947 sententiae.
1186 2890 1302 2949 Terent.

225 3038 230 3045 ,
300 2977 363 3046 ¹Ad.
376 2977 403 3044 0'),
419 2979 446 3045 ὃ,
461 2978 505 3034 10.
520 2977 623 3032 “dintnrn
638 2978 763 3032 internae
778 2979 910 3046 nonfuit,
928 2996 960 3031 ea
974 2986 997 3030 te
1014 2979 1078 3030 adea
1094 2985 1132 3030 eet
1148 2985 1251 3045 artum,
1269 2995 1302 3032 ne

309 3071 341 3118 tn
355 3081 462 3118 eornm
477 3081 577 3128 meunt,
596 3080 660 3117 nene
677 3081 728 3133 ega
742 3071 824 3117 tunm.
858 3063 916 3116 Cic.
931 3063 966 3114 de
982 3061 1042 3114 dm.
1056 3059 1161 3127 18‚'ffi.
1184 3063 1302 3132 nequid
1341 3054 1344 3065 ’

303 3149 401 3218 fldem
414 3151 468 3215 rit,
483 3166 547 3203 nene
560 3149 722 3202 ninnlatnrn.
756 3147 801 3213 21,
817 3146 860 3202 18.
879 3147 914 3201 ad
928 3146 985 3200 tu.
999 3147 1025 3212 3,
1042 3145 1086 3204 15.
1103 3155 1145 3202 net
1162 3154 1217 3202 tote
1234 3149 1300 3201 ecri-

307 3235 387 3305 pnirti
398 3236 436 3290 nd
448 3252 491 3288 ne
506 3235 637 3304 quoddam
653 3240 730 3303 eaput
744 3233 813 3305 tagi·
828 3234 949 3288 Clodia·
966 3233 994 3285 in
1011 3232 1101 3286 carino
1114 3233 1300 3302 potensteine,

308 3335 344 3374 ne
361 3321 475 3390 referri,
493 3337 557 3377 nene
571 3319 624 3374 diei
640 3318 737 3373 linum
1196 3351 1198 3356 ·

258 3473 263 3478 “
324 3471 358 3536 4.
381 3471 436 3537 Sic
455 3473 596 3562 propius
621 3469 747 3538 accedit
770 3490 836 3536 neu
861 3469 903 3534 nd
927 3467 1104 3557 particulae
1129 3467 1298 3557 copulati-

137 3590 140 3600 ·
240 3577 317 3640 vae,
338 3565 371 3622 et
387 3557 507 3625 dicitur
552 3568 604 3624 oet
619 3569 657 3624 nt
680 3578 743 3643 pro
771 3567 805 3620 et
827 3577 890 3620 nn:
910 3555 1001 3641 quod
1024 3576 1139 3620 rarum
1167 3565 1239 3620 erat
1262 3559 1298 3622 iu

239 3662 301 3707 neu
321 3643 471 3729 antiquo.
538 3666 620 3731 nepe
638 3667 657 3710 a
677 3641 819 3708 librariis
845 3650 1089 3706 commutatum
1107 3650 1155 3706 eet
1174 3640 1207 3706 in
1224 3664 1298 3706 nec.

238 3726 290 3794 Eo
324 3729 428 3792 modo
458 3729 625 3828 praecedit
659 3727 886 3796 coniunctivae
907 3725 1055 3791 alteriue
1095 3725 1206 3805 verbi,
1243 3727 1299 3792 vel

239 3811 362 3878 omissa
380 3817 604 3902 perueniant.
646 3818 755 3900 Atque
778 3811 990 3890 consentiunt
1013 3813 1217 3890 Goerenniun
1238 3811 1298 3900 (ad

238 3899 310 3964 Cic.
326 3897 367 3964 de
387 3901 464 3999 [mg.
483 3925 516 3990 p.
533 3905 618 4000 ltin.)
635 3911 667 3965 et
682 3897 815 4048 Beigrtltls
830 3898 883 3976 (ad
903 3898 974 3962 Cic.
992 3896 1034 3961 de
1051 3897 1121 3964 Off.
1138 3901 1296 3977 neunt.

236 3985 1298 4157 aneunaunatineam-t,pratia

237 4154 438 4225 neiuaitera
479 4167 550 4226 arte
591 4157 648 4222 oai
662 4178 742 4234 nec,
760 4153 819 4222 eed-
835 4175 912 4222 nea.
954 4155 1124 4222 Nimirum
1139 4175 1202 4222 nec
1220 4165 1295 4222 tum

453 4182 477 4250 P
567 4179 588 4246 P

628 4404 651 4432 χ

655 4442 681 4473 &a
