<?xml version="1.0" encoding="UTF-8"?>
<!DOCTYPE html PUBLIC "-//W3C//DTD XHTML 1.0 Transitional//EN"
    "http://www.w3.org/TR/xhtml1/DTD/xhtml1-transitional.dtd">
<html xmlns="http://www.w3.org/1999/xhtml" xml:lang="en" lang="en">
 <head>
  <title>
</title>
<meta http-equiv="Content-Type" content="text/html;charset=utf-8" />
  <meta name='ocr-system' content='tesseract 3.04.00' />
  <meta name='ocr-capabilities' content='ocr_page ocr_carea ocr_par ocr_line ocrx_word'/>
</head>
<body>
  <div class='ocr_page' id='page_1' title='image "./ferdinandihandi02torsgoog_0176.png"; bbox 0 0 2876 4752; ppageno 0'>
   <div class='ocr_carea' id='block_1_1' title="bbox 591 217 599 250">
    <p class='ocr_par' dir='ltr' id='par_1_1' title="bbox 591 217 599 250">
     <span class='ocr_line' id='line_1_1' title="bbox 591 217 599 250; baseline 0 0"><span class='ocrx_word' id='word_1_1' title='bbox 591 217 599 250; x_wconf 90' lang='lat' dir='ltr'>l</span> 
     </span>
    </p>
   </div>
   <div class='ocr_carea' id='block_1_2' title="bbox 252 309 1179 417">
    <p class='ocr_par' dir='ltr' id='par_1_2' title="bbox 252 309 1179 417">
     <span class='ocr_line' id='line_1_2' title="bbox 252 309 1179 417; baseline 0.001 -38"><span class='ocrx_word' id='word_1_2' title='bbox 252 317 315 379; x_wconf 82' lang='lat' dir='ltr'>uo</span> <span class='ocrx_word' id='word_1_3' title='bbox 401 395 414 417; x_wconf 59' lang='lat'>.</span> <span class='ocrx_word' id='word_1_4' title='bbox 462 309 746 410; x_wconf 78' lang='lat' dir='ltr'>usovtovsu.</span> <span class='ocrx_word' id='word_1_5' title='bbox 788 309 1102 394; x_wconf 81' lang='lat' dir='ltr'>uaovruovsu</span> <span class='ocrx_word' id='word_1_6' title='bbox 1176 340 1179 349; x_wconf 89' lang='lat'>·</span> 
     </span>
    </p>
   </div>
   <div class='ocr_carea' id='block_1_3' title="bbox 135 479 1376 2204">
    <p class='ocr_par' dir='ltr' id='par_1_3' title="bbox 135 479 1376 1880">
     <span class='ocr_line' id='line_1_3' title="bbox 250 479 1376 570; baseline -0.003 -24"><span class='ocrx_word' id='word_1_7' title='bbox 250 479 361 560; x_wconf 85' lang='lat' dir='ltr'>fectu,</span> <span class='ocrx_word' id='word_1_8' title='bbox 385 482 476 568; x_wconf 87' lang='lat' dir='ltr'>quasi</span> <span class='ocrx_word' id='word_1_9' title='bbox 498 483 533 548; x_wconf 87' lang='lat' dir='ltr'>in</span> <span class='ocrx_word' id='word_1_10' title='bbox 547 481 650 548; x_wconf 74' lang='lat' dir='ltr'>nihils</span> <span class='ocrx_word' id='word_1_11' title='bbox 674 481 765 570; x_wconf 89' lang='lat' dir='ltr'>quod</span> <span class='ocrx_word' id='word_1_12' title='bbox 781 481 938 547; x_wconf 81' lang='lat' dir='ltr'>Germani</span> <span class='ocrx_word' id='word_1_13' title='bbox 961 481 1077 548; x_wconf 87' lang='lat' dir='ltr'>dicant</span> <span class='ocrx_word' id='word_1_14' title='bbox 1097 501 1164 548; x_wconf 70' lang='lat' dir='ltr'>um.</span> <span class='ocrx_word' id='word_1_15' title='bbox 1181 481 1304 560; x_wconf 81' lang='lat' dir='ltr'>uiolata,</span> <span class='ocrx_word' id='word_1_16' title='bbox 1373 499 1376 504; x_wconf 90' lang='lat'>·</span> 
     </span>
     <span class='ocr_line' id='line_1_4' title="bbox 242 563 1304 656; baseline 0 -25"><span class='ocrx_word' id='word_1_17' title='bbox 242 563 310 656; x_wconf 77' lang='lat' dir='ltr'>fiir</span> <span class='ocrx_word' id='word_1_18' title='bbox 327 567 448 634; x_wconf 80' lang='lat' dir='ltr'>niclats.</span> <span class='ocrx_word' id='word_1_19' title='bbox 491 570 581 635; x_wconf 83' lang='lat' dir='ltr'>Bene</span> <span class='ocrx_word' id='word_1_20' title='bbox 600 569 634 634; x_wconf 91' lang='lat' dir='ltr'>id</span> <span class='ocrx_word' id='word_1_21' title='bbox 654 566 828 633; x_wconf 77' lang='lat' dir='ltr'>declaravit</span> <span class='ocrx_word' id='word_1_22' title='bbox 854 567 987 633; x_wconf 81' lang='lat' dir='ltr'>Curtius</span> <span class='ocrx_word' id='word_1_23' title='bbox 1011 569 1052 634; x_wconf 90' lang='lat' dir='ltr'>ad</span> <span class='ocrx_word' id='word_1_24' title='bbox 1072 567 1205 631; x_wconf 79' lang='lat' dir='ltr'><strong>Sallust.</strong></span> <span class='ocrx_word' id='word_1_25' title='bbox 1232 568 1304 631; x_wconf 88' lang='lat' dir='ltr'>Cat.</span> 
     </span>
     <span class='ocr_line' id='line_1_5' title="bbox 250 653 1304 742; baseline 0 -26"><span class='ocrx_word' id='word_1_26' title='bbox 250 657 304 734; x_wconf 81' lang='lat'>20,</span> <span class='ocrx_word' id='word_1_27' title='bbox 324 659 354 717; x_wconf 79' lang='lat'>2.</span> <span class='ocrx_word' id='word_1_28' title='bbox 380 654 460 718; x_wconf 86' lang='lat' dir='ltr'>-Sed</span> <span class='ocrx_word' id='word_1_29' title='bbox 477 655 549 719; x_wconf 86' lang='lat' dir='ltr'>vide</span> <span class='ocrx_word' id='word_1_30' title='bbox 564 677 648 742; x_wconf 89' lang='lat' dir='ltr'>quae</span> <span class='ocrx_word' id='word_1_31' title='bbox 664 653 899 740; x_wconf 79' lang='lat' dir='ltr'>disputavimus</span> <span class='ocrx_word' id='word_1_32' title='bbox 923 653 964 720; x_wconf 83' lang='lat' dir='ltr'>de</span> <span class='ocrx_word' id='word_1_33' title='bbox 988 653 1049 719; x_wconf 86' lang='lat' dir='ltr'>hac</span> <span class='ocrx_word' id='word_1_34' title='bbox 1068 673 1105 716; x_wconf 87' lang='lat' dir='ltr'>re</span> <span class='ocrx_word' id='word_1_35' title='bbox 1128 662 1160 716; x_wconf 87' lang='lat' dir='ltr'>et</span> <span class='ocrx_word' id='word_1_36' title='bbox 1184 653 1226 716; x_wconf 91' lang='lat' dir='ltr'>de</span> <span class='ocrx_word' id='word_1_37' title='bbox 1251 653 1304 716; x_wconf 92' lang='lat' dir='ltr'>di-</span> 
     </span>
     <span class='ocr_line' id='line_1_6' title="bbox 250 735 1305 827; baseline -0.001 -25"><span class='ocrx_word' id='word_1_38' title='bbox 250 741 402 804; x_wconf 87' lang='lat' dir='ltr'>versitate</span> <span class='ocrx_word' id='word_1_39' title='bbox 424 740 574 806; x_wconf 84' lang='lat' dir='ltr'>vocabuli</span> <span class='ocrx_word' id='word_1_40' title='bbox 581 739 722 827; x_wconf 85' lang='lat' dir='ltr'>frustra</span> <span class='ocrx_word' id='word_1_41' title='bbox 744 737 846 804; x_wconf 88' lang='lat' dir='ltr'>Tom.</span> <span class='ocrx_word' id='word_1_42' title='bbox 866 745 897 805; x_wconf 82' lang='lat'>2.</span> <span class='ocrx_word' id='word_1_43' title='bbox 920 762 956 827; x_wconf 91' lang='lat' dir='ltr'>p.</span> <span class='ocrx_word' id='word_1_44' title='bbox 971 741 1046 806; x_wconf 80' lang='lat'>745.</span> <span class='ocrx_word' id='word_1_45' title='bbox 1079 735 1130 802; x_wconf 87' lang='lat' dir='ltr'>Cf.</span> <span class='ocrx_word' id='word_1_46' title='bbox 1152 737 1305 802; x_wconf 87' lang='lat' dir='ltr'>Kritzius</span> 
     </span>
     <span class='ocr_line' id='line_1_7' title="bbox 250 823 1305 916; baseline 0.001 -30"><span class='ocrx_word' id='word_1_47' title='bbox 250 824 290 886; x_wconf 87' lang='lat' dir='ltr'>ad</span> <span class='ocrx_word' id='word_1_48' title='bbox 315 825 544 912; x_wconf 75' lang='lat' dir='ltr'>Sallust-lug.</span> <span class='ocrx_word' id='word_1_49' title='bbox 568 833 629 908; x_wconf 86' lang='grc'>31,</span> <span class='ocrx_word' id='word_1_50' title='bbox 652 831 684 893; x_wconf 84' lang='grc'>5.</span> <span class='ocrx_word' id='word_1_51' title='bbox 729 825 830 908; x_wconf 88' lang='lat' dir='ltr'>Quod</span> <span class='ocrx_word' id='word_1_52' title='bbox 864 826 898 890; x_wconf 89' lang='lat' dir='ltr'>in</span> <span class='ocrx_word' id='word_1_53' title='bbox 913 823 1056 916; x_wconf 84' lang='lat' dir='ltr'>frustra</span> <span class='ocrx_word' id='word_1_54' title='bbox 1082 823 1122 888; x_wconf 93' lang='lat' dir='ltr'>ad</span> <span class='ocrx_word' id='word_1_55' title='bbox 1145 833 1305 888; x_wconf 86' lang='lat' dir='ltr'>conatum</span> 
     </span>
     <span class='ocr_line' id='line_1_8' title="bbox 249 909 1306 1000; baseline -0.002 -26"><span class='ocrx_word' id='word_1_56' title='bbox 249 910 381 974; x_wconf 86' lang='lat' dir='ltr'>irritum</span> <span class='ocrx_word' id='word_1_57' title='bbox 408 922 440 976; x_wconf 92' lang='lat' dir='ltr'>et</span> <span class='ocrx_word' id='word_1_58' title='bbox 474 913 544 1000; x_wconf 87' lang='lat' dir='ltr'>spei</span> <span class='ocrx_word' id='word_1_59' title='bbox 570 911 724 978; x_wconf 88' lang='lat' dir='ltr'>fraudem</span> <span class='ocrx_word' id='word_1_60' title='bbox 759 909 923 990; x_wconf 86' lang='lat' dir='ltr'>refertur,</span> <span class='ocrx_word' id='word_1_61' title='bbox 952 911 987 977; x_wconf 93' lang='lat' dir='ltr'>id</span> <span class='ocrx_word' id='word_1_62' title='bbox 1015 913 1051 976; x_wconf 88' lang='lat' dir='ltr'>in</span> <span class='ocrx_word' id='word_1_63' title='bbox 1073 909 1306 997; x_wconf 72' lang='lat' dir='ltr'>nequidquam</span> 
     </span>
     <span class='ocr_line' id='line_1_9' title="bbox 248 994 1306 1078; baseline 0.002 -20"><span class='ocrx_word' id='word_1_64' title='bbox 248 1006 376 1078; x_wconf 80' lang='lat' dir='ltr'>spectet</span> <span class='ocrx_word' id='word_1_65' title='bbox 409 997 449 1062; x_wconf 89' lang='lat' dir='ltr'>ad</span> <span class='ocrx_word' id='word_1_66' title='bbox 482 997 640 1062; x_wconf 86' lang='lat' dir='ltr'>ellectum</span> <span class='ocrx_word' id='word_1_67' title='bbox 672 1000 802 1064; x_wconf 87' lang='lat' dir='ltr'>irritum</span> <span class='ocrx_word' id='word_1_68' title='bbox 827 1007 860 1060; x_wconf 90' lang='lat' dir='ltr'>et</span> <span class='ocrx_word' id='word_1_69' title='bbox 889 997 930 1062; x_wconf 84' lang='lat' dir='ltr'>sd</span> <span class='ocrx_word' id='word_1_70' title='bbox 954 995 1101 1062; x_wconf 68' lang='lat' dir='ltr'>utilitatis</span> <span class='ocrx_word' id='word_1_71' title='bbox 1125 994 1306 1064; x_wconf 86' lang='lat' dir='ltr'>defectum.</span> 
     </span>
     <span class='ocr_line' id='line_1_10' title="bbox 248 1079 1305 1164; baseline -0.001 -20"><span class='ocrx_word' id='word_1_72' title='bbox 248 1080 398 1148; x_wconf 78' lang='lat' dir='ltr'>&#39;Wollius</span> <span class='ocrx_word' id='word_1_73' title='bbox 420 1081 461 1148; x_wconf 89' lang='lat' dir='ltr'>ad</span> <span class='ocrx_word' id='word_1_74' title='bbox 486 1085 555 1150; x_wconf 87' lang='lat' dir='ltr'>Cic.</span> <span class='ocrx_word' id='word_1_75' title='bbox 578 1083 679 1150; x_wconf 84' lang='lat' dir='ltr'>Tusa.</span> <span class='ocrx_word' id='word_1_76' title='bbox 697 1091 730 1164; x_wconf 78' lang='lat'>3,</span> <span class='ocrx_word' id='word_1_77' title='bbox 746 1086 800 1164; x_wconf 84' lang='lat'>25,</span> <span class='ocrx_word' id='word_1_78' title='bbox 817 1085 869 1149; x_wconf 84' lang='lat'>59.</span> <span class='ocrx_word' id='word_1_79' title='bbox 891 1083 1043 1162; x_wconf 88' lang='lat' dir='ltr'>monuit,</span> <span class='ocrx_word' id='word_1_80' title='bbox 1066 1079 1133 1146; x_wconf 89' lang='lat' dir='ltr'>hoc</span> <span class='ocrx_word' id='word_1_81' title='bbox 1157 1081 1305 1146; x_wconf 81' lang='lat' dir='ltr'>vocabu·</span> 
     </span>
     <span class='ocr_line' id='line_1_11' title="bbox 231 1165 1316 1258; baseline 0 -28"><span class='ocrx_word' id='word_1_82' title='bbox 231 1165 320 1231; x_wconf 89' lang='lat' dir='ltr'>-lum</span> <span class='ocrx_word' id='word_1_83' title='bbox 345 1190 417 1232; x_wconf 90' lang='lat' dir='ltr'>non</span> <span class='ocrx_word' id='word_1_84' title='bbox 439 1171 637 1258; x_wconf 88' lang='lat' dir='ltr'>aprosaieis</span> <span class='ocrx_word' id='word_1_85' title='bbox 658 1169 896 1258; x_wconf 86' lang='lat' dir='ltr'>scriptoribus,</span> <span class='ocrx_word' id='word_1_86' title='bbox 918 1169 975 1234; x_wconf 91' lang='lat' dir='ltr'>sed</span> <span class='ocrx_word' id='word_1_87' title='bbox 1001 1192 1018 1233; x_wconf 90' lang='lat' dir='ltr'>a</span> <span class='ocrx_word' id='word_1_88' title='bbox 1042 1169 1149 1256; x_wconf 89' lang='lat' dir='ltr'>ppetis</span> <span class='ocrx_word' id='word_1_89' title='bbox 1173 1169 1316 1230; x_wconf 85' lang='lat' dir='ltr'>tantum&#39;</span> 
     </span>
     <span class='ocr_line' id='line_1_12' title="bbox 249 1252 1363 1346; baseline 0.002 -30"><span class='ocrx_word' id='word_1_90' title='bbox 249 1255 422 1341; x_wconf 86' lang='lat' dir='ltr'>usurpari:</span> <span class='ocrx_word' id='word_1_91' title='bbox 445 1277 546 1342; x_wconf 89' lang='lat' dir='ltr'>quare</span> <span class='ocrx_word' id='word_1_92' title='bbox 563 1255 707 1321; x_wconf 90' lang='lat' dir='ltr'>Orellius</span> <span class='ocrx_word' id='word_1_93' title='bbox 730 1255 916 1341; x_wconf 86' lang='lat' dir='ltr'>suspicatur</span> <span class='ocrx_word' id='word_1_94' title='bbox 938 1253 1039 1320; x_wconf 84' lang='lat' dir='ltr'>verba</span> <span class='ocrx_word' id='word_1_95' title='bbox 1062 1275 1098 1340; x_wconf 92' lang='lat' dir='ltr'>p.</span> <span class='ocrx_word' id='word_1_96' title='bbox 1116 1252 1236 1334; x_wconf 83' lang='lat' dir='ltr'>Quint.</span> <span class='ocrx_word' id='word_1_97' title='bbox 1252 1254 1305 1332; x_wconf 86' lang='lat'>25,</span> <span class='ocrx_word' id='word_1_98' title='bbox 1350 1327 1363 1346; x_wconf 50' lang='lat'><strong>·</strong></span> 
     </span>
     <span class='ocr_line' id='line_1_13' title="bbox 248 1337 1305 1430; baseline 0 -26"><span class='ocrx_word' id='word_1_99' title='bbox 248 1343 303 1404; x_wconf 87' lang='grc'>79.</span> <span class='ocrx_word' id='word_1_100' title='bbox 327 1362 441 1408; x_wconf 76' lang='lat' dir='ltr'>verram</span> <span class='ocrx_word' id='word_1_101' title='bbox 456 1353 489 1406; x_wconf 85' lang='lat' dir='ltr'>et</span> <span class='ocrx_word' id='word_1_102' title='bbox 503 1364 579 1407; x_wconf 89' lang='lat' dir='ltr'>sero</span> <span class='ocrx_word' id='word_1_103' title='bbox 600 1353 634 1406; x_wconf 86' lang='lat' dir='ltr'>et</span> <span class='ocrx_word' id='word_1_104' title='bbox 647 1339 877 1430; x_wconf 78' lang='lat' dir='ltr'>nequidquam</span> <span class='ocrx_word' id='word_1_105' title='bbox 887 1339 1018 1428; x_wconf 75' lang='lat' dir='ltr'>pudet,</span> <span class='ocrx_word' id='word_1_106' title='bbox 1042 1359 1059 1404; x_wconf 89' lang='lat' dir='ltr'>e</span> <span class='ocrx_word' id='word_1_107' title='bbox 1076 1339 1206 1402; x_wconf 82' lang='lat' dir='ltr'>comico</span> <span class='ocrx_word' id='word_1_108' title='bbox 1224 1337 1305 1404; x_wconf 82' lang='lat' dir='ltr'>‹lra-</span> 
     </span>
     <span class='ocr_line' id='line_1_14' title="bbox 247 1423 1305 1516; baseline 0.001 -28"><span class='ocrx_word' id='word_1_109' title='bbox 247 1435 338 1489; x_wconf 86' lang='lat' dir='ltr'>mate</span> <span class='ocrx_word' id='word_1_110' title='bbox 364 1437 594 1516; x_wconf 88' lang='lat' dir='ltr'>essesumpta.</span> <span class='ocrx_word' id='word_1_111' title='bbox 653 1427 697 1492; x_wconf 86' lang='lat' dir='ltr'>Et</span> <span class='ocrx_word' id='word_1_112' title='bbox 728 1425 944 1515; x_wconf 84' lang='lat' dir='ltr'>proverbialis</span> <span class='ocrx_word' id='word_1_113' title='bbox 973 1437 1023 1491; x_wconf 89' lang='lat' dir='ltr'>est</span> <span class='ocrx_word' id='word_1_114' title='bbox 1055 1423 1136 1488; x_wconf 89' lang='lat' dir='ltr'>haec</span> <span class='ocrx_word' id='word_1_115' title='bbox 1167 1423 1305 1507; x_wconf 91' lang='lat' dir='ltr'>locutio,</span> 
     </span>
     <span class='ocr_line' id='line_1_15' title="bbox 249 1511 1305 1602; baseline 0.002 -29"><span class='ocrx_word' id='word_1_116' title='bbox 249 1529 349 1596; x_wconf 83' lang='lat' dir='ltr'>quara</span> <span class='ocrx_word' id='word_1_117' title='bbox 365 1512 464 1576; x_wconf 85' lang='lat' dir='ltr'>etiam</span> <span class='ocrx_word' id='word_1_118' title='bbox 484 1515 571 1602; x_wconf 87' lang='lat' dir='ltr'>apud</span> <span class='ocrx_word' id='word_1_119' title='bbox 587 1513 783 1578; x_wconf 87' lang='lat' dir='ltr'>Terentium</span> <span class='ocrx_word' id='word_1_120' title='bbox 800 1513 984 1598; x_wconf 89' lang='lat' dir='ltr'>reperimus</span> <span class='ocrx_word' id='word_1_121' title='bbox 999 1511 1115 1576; x_wconf 87' lang='lat' dir='ltr'>Heaut.</span> <span class='ocrx_word' id='word_1_122' title='bbox 1131 1516 1162 1584; x_wconf 78' lang='lat'>2,</span> <span class='ocrx_word' id='word_1_123' title='bbox 1179 1515 1211 1591; x_wconf 82' lang='grc'>3,</span> <span class='ocrx_word' id='word_1_124' title='bbox 1230 1515 1305 1576; x_wconf 80' lang='grc'><strong>104.</strong></span> 
     </span>
     <span class='ocr_line' id='line_1_16' title="bbox 248 1595 1305 1688; baseline 0.001 -29"><span class='ocrx_word' id='word_1_125' title='bbox 248 1595 352 1662; x_wconf 78' lang='lat' dir='ltr'>hodie</span> <span class='ocrx_word' id='word_1_126' title='bbox 369 1621 444 1664; x_wconf 88' lang='lat' dir='ltr'>sero</span> <span class='ocrx_word' id='word_1_127' title='bbox 464 1623 507 1664; x_wconf 86' lang='lat' dir='ltr'>uc</span> <span class='ocrx_word' id='word_1_128' title='bbox 525 1599 756 1688; x_wconf 80' lang='lat' dir='ltr'>nequidquam</span> <span class='ocrx_word' id='word_1_129' title='bbox 779 1598 879 1663; x_wconf 79' lang='lat' dir='ltr'>noles.</span> <span class='ocrx_word' id='word_1_130' title='bbox 925 1599 1080 1663; x_wconf 86' lang='lat' dir='ltr'>Ceterum</span> <span class='ocrx_word' id='word_1_131' title='bbox 1099 1596 1216 1660; x_wconf 87' lang='lat' dir='ltr'>Cicero</span> <span class='ocrx_word' id='word_1_132' title='bbox 1238 1595 1305 1660; x_wconf 86' lang='lat' dir='ltr'>hoe</span> 
     </span>
     <span class='ocr_line' id='line_1_17' title="bbox 249 1681 1307 1772; baseline 0.001 -27"><span class='ocrx_word' id='word_1_133' title='bbox 249 1683 389 1748; x_wconf 87' lang='lat' dir='ltr'>verbum</span> <span class='ocrx_word' id='word_1_134' title='bbox 408 1705 477 1750; x_wconf 87' lang='lat' dir='ltr'>non</span> <span class='ocrx_word' id='word_1_135' title='bbox 494 1696 648 1772; x_wconf 85' lang='lat' dir='ltr'>usurpat:</span> <span class='ocrx_word' id='word_1_136' title='bbox 669 1707 748 1749; x_wconf 85' lang='lat' dir='ltr'>nam</span> <span class='ocrx_word' id='word_1_137' title='bbox 766 1685 899 1770; x_wconf 87' lang='lat' dir='ltr'>quaein</span> <span class='ocrx_word' id='word_1_138' title='bbox 914 1683 1018 1772; x_wconf 87' lang='lat' dir='ltr'>Epist.</span> <span class='ocrx_word' id='word_1_139' title='bbox 1035 1681 1075 1747; x_wconf 90' lang='lat' dir='ltr'>ad</span> <span class='ocrx_word' id='word_1_140' title='bbox 1091 1681 1183 1746; x_wconf 79' lang='lat' dir='ltr'>Brut.</span> <span class='ocrx_word' id='word_1_141' title='bbox 1203 1685 1253 1746; x_wconf 88' lang='lat'>16.</span> <span class='ocrx_word' id='word_1_142' title='bbox 1272 1693 1307 1747; x_wconf 86' lang='lat' dir='ltr'>et</span> 
     </span>
     <span class='ocr_line' id='line_1_18' title="bbox 135 1767 1305 1880; baseline 0 -48"><span class='ocrx_word' id='word_1_143' title='bbox 135 1811 137 1817; x_wconf 71' lang='lat'>,</span> <span class='ocrx_word' id='word_1_144' title='bbox 233 1768 285 1832; x_wconf 33' lang='lat' dir='ltr'>*in</span> <span class='ocrx_word' id='word_1_145' title='bbox 304 1769 399 1833; x_wconf 85' lang='lat' dir='ltr'>Orat.</span> <span class='ocrx_word' id='word_1_146' title='bbox 432 1773 617 1880; x_wconf 88' lang='lat' dir='ltr'>Antequam</span> <span class='ocrx_word' id='word_1_147' title='bbox 638 1771 709 1836; x_wconf 86' lang='lat' dir='ltr'>iret.</span> <span class='ocrx_word' id='word_1_148' title='bbox 736 1770 911 1854; x_wconf 81' lang='lat' dir='ltr'>leguntur,</span> <span class='ocrx_word' id='word_1_149' title='bbox 935 1771 1026 1836; x_wconf 82' lang='lat' dir='ltr'>cuius</span> <span class='ocrx_word' id='word_1_150' title='bbox 1052 1767 1119 1832; x_wconf 89' lang='lat' dir='ltr'>sint</span> <span class='ocrx_word' id='word_1_151' title='bbox 1148 1768 1305 1851; x_wconf 87' lang='lat' dir='ltr'>auctoris,</span> 
     </span>
    </p>

    <p class='ocr_par' dir='ltr' id='par_1_4' title="bbox 248 1852 1306 2204">
     <span class='ocr_line' id='line_1_19' title="bbox 248 1852 1306 1956; baseline 0.006 -40"><span class='ocrx_word' id='word_1_152' title='bbox 248 1853 325 1918; x_wconf 84' lang='lat' dir='ltr'>satis</span> <span class='ocrx_word' id='word_1_153' title='bbox 345 1865 484 1921; x_wconf 88' lang='lat' dir='ltr'>constat.</span> <span class='ocrx_word' id='word_1_154' title='bbox 532 1857 656 1923; x_wconf 79' lang='lat' dir='ltr'>samen</span> <span class='ocrx_word' id='word_1_155' title='bbox 679 1859 894 1956; x_wconf 85' lang='lat' dir='ltr'>reperiuntur</span> <span class='ocrx_word' id='word_1_156' title='bbox 914 1878 1008 1921; x_wconf 89' lang='lat' dir='ltr'>exem</span> <span class='ocrx_word' id='word_1_157' title='bbox 1036 1854 1066 1918; x_wconf 88' lang='lat' dir='ltr'>la</span> <span class='ocrx_word' id='word_1_158' title='bbox 1090 1852 1178 1918; x_wconf 91' lang='lat' dir='ltr'>haud</span> <span class='ocrx_word' id='word_1_159' title='bbox 1203 1853 1306 1922; x_wconf 90' lang='lat' dir='ltr'>dabis</span> 
     </span>
     <span class='ocr_line' id='line_1_20' title="bbox 249 1879 1304 2028; baseline 0.006 -27"><span class='ocrx_word' id='word_1_160' title='bbox 249 1939 338 2025; x_wconf 88' lang='lat' dir='ltr'>apud</span> <span class='ocrx_word' id='word_1_161' title='bbox 366 1940 560 2022; x_wconf 88' lang='lat' dir='ltr'>Gaesarem,</span> <span class='ocrx_word' id='word_1_162' title='bbox 594 1943 809 2021; x_wconf 80' lang='lat' dir='ltr'>Sallustium,</span> <span class='ocrx_word' id='word_1_163' title='bbox 842 1941 984 2009; x_wconf 87' lang='lat' dir='ltr'>Livium.</span> <span class='ocrx_word' id='word_1_164' title='bbox 1011 1879 1147 2006; x_wconf 73' lang='lat' dir='ltr'>leatus:</span> <span class='ocrx_word' id='word_1_165' title='bbox 1180 1941 1304 2028; x_wconf 88' lang='lat' dir='ltr'>neqni-</span> 
     </span>
     <span class='ocr_line' id='line_1_21' title="bbox 249 2023 1304 2116; baseline 0.008 -31"><span class='ocrx_word' id='word_1_166' title='bbox 249 2047 353 2114; x_wconf 84' lang='lat' dir='ltr'>quam</span> <span class='ocrx_word' id='word_1_167' title='bbox 367 2024 572 2116; x_wconf 78' lang='lat' dir='ltr'>significare</span> <span class='ocrx_word' id='word_1_168' title='bbox 588 2028 685 2092; x_wconf 84' lang='lat' dir='ltr'>idem</span> <span class='ocrx_word' id='word_1_169' title='bbox 699 2027 790 2116; x_wconf 86' lang='lat' dir='ltr'>qnod</span> <span class='ocrx_word' id='word_1_170' title='bbox 812 2023 970 2114; x_wconf 75' lang='lat' dir='ltr'>frastra,</span> <span class='ocrx_word' id='word_1_171' title='bbox 986 2025 1151 2116; x_wconf 81' lang='lat' dir='ltr'>plurimis</span> <span class='ocrx_word' id='word_1_172' title='bbox 1179 2037 1304 2093; x_wconf 83' lang='lat' dir='ltr'>aueto&#39;-</span> 
     </span>
     <span class='ocr_line' id='line_1_22' title="bbox 248 2111 1150 2204; baseline 0.006 -28"><span class='ocrx_word' id='word_1_173' title='bbox 248 2133 325 2176; x_wconf 87' lang='lat' dir='ltr'>rum</span> <span class='ocrx_word' id='word_1_174' title='bbox 339 2113 502 2200; x_wconf 81' lang='lat' dir='ltr'>exemplis</span> <span class='ocrx_word' id='word_1_175' title='bbox 517 2111 741 2204; x_wconf 71' lang='lat' dir='ltr'>marnifestum</span> <span class='ocrx_word' id='word_1_176' title='bbox 761 2125 823 2180; x_wconf 86' lang='lat' dir='ltr'>est.</span> <span class='ocrx_word' id='word_1_177' title='bbox 1148 2125 1150 2129; x_wconf 84' lang='lat'>&#39;</span> 
     </span>
    </p>
   </div>
   <div class='ocr_carea' id='block_1_4' title="bbox 241 2263 1306 2678">
    <p class='ocr_par' dir='ltr' id='par_1_5' title="bbox 241 2263 1306 2590">
     <span class='ocr_line' id='line_1_23' title="bbox 241 2263 1304 2338; baseline -0.004 -14"><span class='ocrx_word' id='word_1_178' title='bbox 241 2315 243 2324; x_wconf 65' lang='lat'>.</span> <span class='ocrx_word' id='word_1_179' title='bbox 360 2267 652 2334; x_wconf 78' lang='lat' dir='ltr'>Plaut.us.1,1,tl.</span> <span class='ocrx_word' id='word_1_180' title='bbox 669 2269 742 2338; x_wconf 81' lang='lat' dir='ltr'>capis</span> <span class='ocrx_word' id='word_1_181' title='bbox 756 2263 800 2333; x_wconf 87' lang='lat' dir='ltr'>id,</span> <span class='ocrx_word' id='word_1_182' title='bbox 819 2268 887 2338; x_wconf 85' lang='lat' dir='ltr'>quod</span> <span class='ocrx_word' id='word_1_183' title='bbox 904 2281 997 2336; x_wconf 78' lang='lat' dir='ltr'>supera</span> <span class='ocrx_word' id='word_1_184' title='bbox 1014 2271 1038 2320; x_wconf 89' lang='lat' dir='ltr'>ts</span> <span class='ocrx_word' id='word_1_185' title='bbox 1059 2264 1233 2334; x_wconf 78' lang='lat' dir='ltr'>nequidquam</span> <span class='ocrx_word' id='word_1_186' title='bbox 1256 2266 1304 2320; x_wconf 90' lang='lat' dir='ltr'>in-</span> 
     </span>
     <span class='ocr_line' id='line_1_24' title="bbox 315 2349 1306 2425; baseline -0.003 -17"><span class='ocrx_word' id='word_1_187' title='bbox 315 2355 414 2425; x_wconf 85' lang='lat' dir='ltr'>telligo.</span> <span class='ocrx_word' id='word_1_188' title='bbox 449 2357 528 2408; x_wconf 88' lang='lat' dir='ltr'>Pers.</span> <span class='ocrx_word' id='word_1_189' title='bbox 543 2353 571 2420; x_wconf 83' lang='lat'>4,</span> <span class='ocrx_word' id='word_1_190' title='bbox 585 2355 611 2420; x_wconf 77' lang='grc' dir='ltr'>ὃ,</span> <span class='ocrx_word' id='word_1_191' title='bbox 626 2353 670 2408; x_wconf 74' lang='lat' dir='ltr'>tu.</span> <span class='ocrx_word' id='word_1_192' title='bbox 685 2355 862 2423; x_wconf 79' lang='lat' dir='ltr'>nequidquam</span> <span class='ocrx_word' id='word_1_193' title='bbox 879 2353 1048 2418; x_wconf 81' lang='lat' dir='ltr'>tibisartuna</span> <span class='ocrx_word' id='word_1_194' title='bbox 1060 2353 1183 2420; x_wconf 80' lang='lat' dir='ltr'>faculam</span> <span class='ocrx_word' id='word_1_195' title='bbox 1205 2349 1306 2420; x_wconf 80' lang='lat' dir='ltr'>lucrifi-</span> 
     </span>
     <span class='ocr_line' id='line_1_25' title="bbox 315 2435 1306 2507; baseline -0.002 -15"><span class='ocrx_word' id='word_1_196' title='bbox 315 2435 373 2492; x_wconf 78' lang='lat' dir='ltr'>ea&#39;m</span> <span class='ocrx_word' id='word_1_197' title='bbox 391 2441 504 2495; x_wconf 82' lang='lat' dir='ltr'>alineare</span> <span class='ocrx_word' id='word_1_198' title='bbox 518 2443 579 2494; x_wconf 85' lang='lat' dir='ltr'>solt.</span> <span class='ocrx_word' id='word_1_199' title='bbox 612 2441 695 2494; x_wconf 86' lang='lat' dir='ltr'>Most.</span> <span class='ocrx_word' id='word_1_200' title='bbox 714 2439 741 2503; x_wconf 95' lang='lat'>1,</span> <span class='ocrx_word' id='word_1_201' title='bbox 756 2437 783 2504; x_wconf 78' lang='grc'>3,</span> <span class='ocrx_word' id='word_1_202' title='bbox 799 2437 858 2490; x_wconf 76' lang='grc'><strong>132.</strong></span> <span class='ocrx_word' id='word_1_203' title='bbox 872 2444 966 2507; x_wconf 87' lang='lat' dir='ltr'>postea</span> <span class='ocrx_word' id='word_1_204' title='bbox 980 2438 1153 2506; x_wconf 84' lang='lat' dir='ltr'>nequidquam</span> <span class='ocrx_word' id='word_1_205' title='bbox 1173 2447 1306 2491; x_wconf 81' lang='lat' dir='ltr'>eaornata</span> 
     </span>
     <span class='ocr_line' id='line_1_26' title="bbox 315 2519 1305 2590; baseline -0.002 -12"><span class='ocrx_word' id='word_1_206' title='bbox 315 2526 445 2589; x_wconf 77' lang='lat' dir='ltr'>estisne,</span> <span class='ocrx_word' id='word_1_207' title='bbox 462 2528 485 2578; x_wconf 89' lang='lat' dir='ltr'>si</span> <span class='ocrx_word' id='word_1_208' title='bbox 501 2533 606 2580; x_wconf 84' lang='lat' dir='ltr'>morata</span> <span class='ocrx_word' id='word_1_209' title='bbox 620 2534 657 2578; x_wconf 85' lang='lat' dir='ltr'>est</span> <span class='ocrx_word' id='word_1_210' title='bbox 671 2527 748 2579; x_wconf 84' lang='lat' dir='ltr'>mate.</span> <span class='ocrx_word' id='word_1_211' title='bbox 782 2524 866 2577; x_wconf 83' lang='lat' dir='ltr'>Most.</span> <span class='ocrx_word' id='word_1_212' title='bbox 882 2519 909 2587; x_wconf 91' lang='grc'>5,</span> <span class='ocrx_word' id='word_1_213' title='bbox 923 2521 950 2587; x_wconf 91' lang='grc'>2,</span> <span class='ocrx_word' id='word_1_214' title='bbox 965 2520 1008 2575; x_wconf 80' lang='grc'>54.</span> <span class='ocrx_word' id='word_1_215' title='bbox 1029 2523 1203 2590; x_wconf 79' lang='lat' dir='ltr'>nequidquam</span> <span class='ocrx_word' id='word_1_216' title='bbox 1223 2525 1305 2576; x_wconf 70' lang='lat' dir='ltr'>neon.</span> 
     </span>
    </p>

    <p class='ocr_par' dir='ltr' id='par_1_6' title="bbox 301 2603 1306 2678">
     <span class='ocr_line' id='line_1_27' title="bbox 301 2603 1306 2678; baseline 0 -16"><span class='ocrx_word' id='word_1_217' title='bbox 301 2608 416 2662; x_wconf 74' lang='lat' dir='ltr'>‘Pseud</span> <span class='ocrx_word' id='word_1_218' title='bbox 440 2609 474 2674; x_wconf 90' lang='lat'>1,</span> <span class='ocrx_word' id='word_1_219' title='bbox 495 2610 529 2677; x_wconf 84' lang='grc'>5,</span> <span class='ocrx_word' id='word_1_220' title='bbox 549 2611 592 2664; x_wconf 85' lang='lat'>21.</span> <span class='ocrx_word' id='word_1_221' title='bbox 616 2609 863 2675; x_wconf 76' lang='lat' dir='ltr'>Pers.3,l„dt).</span> <span class='ocrx_word' id='word_1_222' title='bbox 897 2607 976 2661; x_wconf 84' lang='lat' dir='ltr'>Tris.</span> <span class='ocrx_word' id='word_1_223' title='bbox 997 2607 1031 2672; x_wconf 87' lang='grc'>2,</span> <span class='ocrx_word' id='word_1_224' title='bbox 1056 2603 1174 2672; x_wconf 45' lang='grc'><strong>43164.</strong></span> <span class='ocrx_word' id='word_1_225' title='bbox 1199 2613 1224 2660; x_wconf 84' lang='lat' dir='ltr'>et</span> <span class='ocrx_word' id='word_1_226' title='bbox 1255 2625 1306 2678; x_wconf 82' lang='lat' dir='ltr'>aga</span> 
     </span>
    </p>
   </div>
   <div class='ocr_carea' id='block_1_5' title="bbox 315 2691 1305 2764">
    <p class='ocr_par' dir='ltr' id='par_1_7' title="bbox 315 2691 1305 2764">
     <span class='ocr_line' id='line_1_28' title="bbox 315 2691 1305 2764; baseline 0 -18"><span class='ocrx_word' id='word_1_227' title='bbox 315 2710 368 2748; x_wconf 83' lang='lat' dir='ltr'>esse</span> <span class='ocrx_word' id='word_1_228' title='bbox 391 2695 519 2762; x_wconf 78' lang='lat' dir='ltr'>locuples,</span> <span class='ocrx_word' id='word_1_229' title='bbox 542 2711 631 2748; x_wconf 88' lang='lat' dir='ltr'>veram</span> <span class='ocrx_word' id='word_1_230' title='bbox 649 2696 826 2764; x_wconf 80' lang='lat' dir='ltr'>nequidquam</span> <span class='ocrx_word' id='word_1_231' title='bbox 846 2695 912 2747; x_wconf 84' lang='lat' dir='ltr'>mio.</span> <span class='ocrx_word' id='word_1_232' title='bbox 956 2692 1061 2746; x_wconf 85' lang='lat' dir='ltr'>Ennius</span> <span class='ocrx_word' id='word_1_233' title='bbox 1086 2692 1159 2760; x_wconf 80' lang='lat' dir='ltr'>apud</span> <span class='ocrx_word' id='word_1_234' title='bbox 1184 2691 1243 2746; x_wconf 84' lang='lat' dir='ltr'>Cio.</span> <span class='ocrx_word' id='word_1_235' title='bbox 1269 2693 1305 2746; x_wconf 83' lang='lat' dir='ltr'>sd</span> 
     </span>
    </p>
   </div>
   <div class='ocr_carea' id='block_1_6' title="bbox 313 2776 1421 2933">
    <p class='ocr_par' dir='ltr' id='par_1_8' title="bbox 313 2776 1421 2933">
     <span class='ocr_line' id='line_1_29' title="bbox 313 2776 1421 2864; baseline -0.002 -32"><span class='ocrx_word' id='word_1_236' title='bbox 313 2779 394 2835; x_wconf 86' lang='lat' dir='ltr'>Fam.</span> <span class='ocrx_word' id='word_1_237' title='bbox 410 2777 436 2842; x_wconf 73' lang='lat'>7,</span> <span class='ocrx_word' id='word_1_238' title='bbox 452 2778 478 2842; x_wconf 86' lang='grc'>6,</span> <span class='ocrx_word' id='word_1_239' title='bbox 494 2776 520 2830; x_wconf 94' lang='grc'>5.</span> <span class='ocrx_word' id='word_1_240' title='bbox 541 2780 586 2848; x_wconf 84' lang='lat' dir='ltr'>qui</span> <span class='ocrx_word' id='word_1_241' title='bbox 601 2780 655 2848; x_wconf 87' lang='lat' dir='ltr'>ipss</span> <span class='ocrx_word' id='word_1_242' title='bbox 671 2781 722 2833; x_wconf 80' lang='lat' dir='ltr'>siti</span> <span class='ocrx_word' id='word_1_243' title='bbox 731 2780 835 2848; x_wconf 83' lang='lat' dir='ltr'>sapiam</span> <span class='ocrx_word' id='word_1_244' title='bbox 843 2780 965 2850; x_wconf 86' lang='lat' dir='ltr'>prodesse</span> <span class='ocrx_word' id='word_1_245' title='bbox 981 2797 1033 2832; x_wconf 92' lang='lat' dir='ltr'>non</span> <span class='ocrx_word' id='word_1_246' title='bbox 1048 2779 1116 2847; x_wconf 87' lang='lat' dir='ltr'>quit,</span> <span class='ocrx_word' id='word_1_247' title='bbox 1128 2780 1304 2848; x_wconf 83' lang='lat' dir='ltr'>nequidquam</span> <span class='ocrx_word' id='word_1_248' title='bbox 1420 2797 1421 2864; x_wconf 79' lang='lat'><em>]</em></span> 
     </span>
     <span class='ocr_line' id='line_1_30' title="bbox 314 2862 1421 2933; baseline 0 -17"><span class='ocrx_word' id='word_1_249' title='bbox 314 2864 396 2932; x_wconf 85' lang='lat' dir='ltr'>sapit.</span> <span class='ocrx_word' id='word_1_250' title='bbox 423 2862 441 2914; x_wconf 83' lang='lat' dir='ltr'>l.</span> <span class='ocrx_word' id='word_1_251' title='bbox 457 2880 481 2916; x_wconf 91' lang='lat' dir='ltr'>e.</span> <span class='ocrx_word' id='word_1_252' title='bbox 504 2863 576 2918; x_wconf 86' lang='lat' dir='ltr'>alhil</span> <span class='ocrx_word' id='word_1_253' title='bbox 592 2864 678 2920; x_wconf 81' lang='lat' dir='ltr'>allicit</span> <span class='ocrx_word' id='word_1_254' title='bbox 700 2864 835 2933; x_wconf 85' lang='lat' dir='ltr'>sapientia</span> <span class='ocrx_word' id='word_1_255' title='bbox 861 2879 920 2917; x_wconf 85' lang='lat' dir='ltr'>sus.</span> <span class='ocrx_word' id='word_1_256' title='bbox 955 2865 1035 2918; x_wconf 86' lang='lat' dir='ltr'>Cass.</span> <span class='ocrx_word' id='word_1_257' title='bbox 1054 2863 1127 2916; x_wconf 77' lang='lat' dir='ltr'>usu.</span> <span class='ocrx_word' id='word_1_258' title='bbox 1152 2866 1205 2916; x_wconf 84' lang='lat' dir='ltr'>civ.</span> <span class='ocrx_word' id='word_1_259' title='bbox 1232 2864 1259 2929; x_wconf 93' lang='lat' dir='ltr'>l,</span> <span class='ocrx_word' id='word_1_260' title='bbox 1279 2863 1306 2919; x_wconf 87' lang='lat'>1.</span> <span class='ocrx_word' id='word_1_261' title='bbox 1420 2867 1421 2874; x_wconf 78' lang='grc'>’</span> 
     </span>
    </p>
   </div>
   <div class='ocr_carea' id='block_1_7' title="bbox 314 2949 1306 3276">
    <p class='ocr_par' dir='ltr' id='par_1_9' title="bbox 314 2949 1306 3276">
     <span class='ocr_line' id='line_1_31' title="bbox 317 2949 1306 3024; baseline -0.001 -21"><span class='ocrx_word' id='word_1_262' title='bbox 317 2949 361 3004; x_wconf 80' lang='lat' dir='ltr'>ain</span> <span class='ocrx_word' id='word_1_263' title='bbox 374 2957 516 3024; x_wconf 63' lang='lat' dir='ltr'>1sanetetur</span> <span class='ocrx_word' id='word_1_264' title='bbox 538 2958 616 3022; x_wconf 90' lang='lat' dir='ltr'>atque</span> <span class='ocrx_word' id='word_1_265' title='bbox 636 2957 704 3021; x_wconf 85' lang='lat' dir='ltr'>agat</span> <span class='ocrx_word' id='word_1_266' title='bbox 725 2951 825 3016; x_wconf 69' lang='lat' dir='ltr'>kuina,</span> <span class='ocrx_word' id='word_1_267' title='bbox 842 2951 1017 3020; x_wconf 79' lang='lat' dir='ltr'>nequidquam</span> <span class='ocrx_word' id='word_1_268' title='bbox 1041 2951 1097 3004; x_wconf 84' lang='lat' dir='ltr'>eius</span> <span class='ocrx_word' id='word_1_269' title='bbox 1119 2950 1306 3013; x_wconf 81' lang='lat' dir='ltr'>auaitium‚si</span> 
     </span>
     <span class='ocr_line' id='line_1_32' title="bbox 314 3033 1306 3104; baseline -0.001 -16"><span class='ocrx_word' id='word_1_270' title='bbox 314 3035 629 3104; x_wconf 58' lang='lat' dir='ltr'>possessiunculam</span> <span class='ocrx_word' id='word_1_271' title='bbox 646 3035 857 3104; x_wconf 81' lang='lat' dir='ltr'>imploraturum.</span> <span class='ocrx_word' id='word_1_272' title='bbox 893 3035 1005 3090; x_wconf 83' lang='lat' dir='ltr'>Sallust.</span> <span class='ocrx_word' id='word_1_273' title='bbox 1024 3033 1085 3088; x_wconf 78' lang='lat' dir='ltr'>cat.</span> <span class='ocrx_word' id='word_1_274' title='bbox 1100 3035 1144 3100; x_wconf 85' lang='grc'>20,</span> <span class='ocrx_word' id='word_1_275' title='bbox 1160 3033 1186 3088; x_wconf 88' lang='grc'><strong>2.</strong></span> <span class='ocrx_word' id='word_1_276' title='bbox 1208 3036 1239 3088; x_wconf 90' lang='lat' dir='ltr'>ni</span> <span class='ocrx_word' id='word_1_277' title='bbox 1251 3037 1306 3087; x_wconf 84' lang='lat' dir='ltr'>uir-</span> 
     </span>
     <span class='ocr_line' id='line_1_33' title="bbox 315 3121 1306 3190; baseline 0.001 -17"><span class='ocrx_word' id='word_1_278' title='bbox 315 3127 359 3174; x_wconf 83' lang='lat' dir='ltr'>tus</span> <span class='ocrx_word' id='word_1_279' title='bbox 373 3121 494 3187; x_wconf 86' lang='lat' dir='ltr'>fidesque</span> <span class='ocrx_word' id='word_1_280' title='bbox 515 3127 601 3172; x_wconf 84' lang='lat' dir='ltr'>austra</span> <span class='ocrx_word' id='word_1_281' title='bbox 621 3127 742 3190; x_wconf 86' lang='lat' dir='ltr'>spectata</span> <span class='ocrx_word' id='word_1_282' title='bbox 759 3121 825 3172; x_wconf 77' lang='lat' dir='ltr'>mint</span> <span class='ocrx_word' id='word_1_283' title='bbox 836 3123 944 3188; x_wconf 73' lang='lat' dir='ltr'>forent,</span> <span class='ocrx_word' id='word_1_284' title='bbox 967 3122 1143 3190; x_wconf 84' lang='lat' dir='ltr'>nequidquam</span> <span class='ocrx_word' id='word_1_285' title='bbox 1159 3128 1306 3190; x_wconf 84' lang='lat' dir='ltr'>opportuna</span> 
     </span>
     <span class='ocr_line' id='line_1_34' title="bbox 314 3194 1304 3276; baseline -0.001 -18"><span class='ocrx_word' id='word_1_286' title='bbox 314 3221 355 3258; x_wconf 83' lang='lat' dir='ltr'>res</span> <span class='ocrx_word' id='word_1_287' title='bbox 367 3195 512 3268; x_wconf 71' lang='lat' dir='ltr'>cecidisset,</span> <span class='ocrx_word' id='word_1_288' title='bbox 533 3222 591 3274; x_wconf 84' lang='lat' dir='ltr'>spes</span> <span class='ocrx_word' id='word_1_289' title='bbox 605 3217 716 3276; x_wconf 71' lang='lat' dir='ltr'>magias,</span> <span class='ocrx_word' id='word_1_290' title='bbox 733 3206 875 3274; x_wconf 76' lang='lat' dir='ltr'>dominatio</span> <span class='ocrx_word' id='word_1_291' title='bbox 889 3205 919 3256; x_wconf 90' lang='lat' dir='ltr'>in</span> <span class='ocrx_word' id='word_1_292' title='bbox 933 3194 1051 3258; x_wconf 82' lang='lat' dir='ltr'>manitus</span> <span class='ocrx_word' id='word_1_293' title='bbox 1063 3209 1169 3273; x_wconf 86' lang='lat' dir='ltr'>frustra</span> <span class='ocrx_word' id='word_1_294' title='bbox 1178 3207 1304 3272; x_wconf 81' lang='lat' dir='ltr'>fuissent.</span> 
     </span>
    </p>
   </div>
   <div class='ocr_carea' id='block_1_8' title="bbox 315 3283 1420 3454">
    <p class='ocr_par' dir='ltr' id='par_1_10' title="bbox 315 3283 1420 3454">
     <span class='ocr_line' id='line_1_35' title="bbox 316 3283 1420 3360; baseline 0.003 -18"><span class='ocrx_word' id='word_1_295' title='bbox 316 3286 362 3355; x_wconf 81' lang='lat'>58,</span> <span class='ocrx_word' id='word_1_296' title='bbox 379 3289 407 3342; x_wconf 88' lang='grc'><strong>2.</strong></span> <span class='ocrx_word' id='word_1_297' title='bbox 425 3287 484 3342; x_wconf 79' lang='lat' dir='ltr'>Lis.</span> <span class='ocrx_word' id='word_1_298' title='bbox 500 3289 527 3353; x_wconf 84' lang='lat'>2,</span> <span class='ocrx_word' id='word_1_299' title='bbox 541 3287 586 3353; x_wconf 83' lang='grc'>58,</span> <span class='ocrx_word' id='word_1_300' title='bbox 599 3287 625 3341; x_wconf 81' lang='lat' dir='ltr'>u.</span> <span class='ocrx_word' id='word_1_301' title='bbox 642 3291 714 3342; x_wconf 88' lang='lat' dir='ltr'>amni</span> <span class='ocrx_word' id='word_1_302' title='bbox 730 3291 905 3358; x_wconf 85' lang='lat' dir='ltr'>nequidquam</span> <span class='ocrx_word' id='word_1_303' title='bbox 924 3292 1065 3344; x_wconf 79' lang='lat' dir='ltr'>acerbitate</span> <span class='ocrx_word' id='word_1_304' title='bbox 1088 3299 1212 3360; x_wconf 81' lang='lat' dir='ltr'>prompta</span> <span class='ocrx_word' id='word_1_305' title='bbox 1236 3293 1306 3344; x_wconf 84' lang='lat' dir='ltr'>nilril</span> <span class='ocrx_word' id='word_1_306' title='bbox 1419 3283 1420 3292; x_wconf 39' lang='lat'>¹</span> 
     </span>
     <span class='ocr_line' id='line_1_36' title="bbox 315 3372 1306 3454; baseline 0.002 -26"><span class='ocrx_word' id='word_1_307' title='bbox 315 3377 370 3428; x_wconf 87' lang='lat' dir='ltr'>inm</span> <span class='ocrx_word' id='word_1_308' title='bbox 388 3393 445 3428; x_wconf 84' lang='lat' dir='ltr'>sam</span> <span class='ocrx_word' id='word_1_309' title='bbox 459 3375 692 3454; x_wconf 79' lang='lat' dir='ltr'>militibusagers.</span> <span class='ocrx_word' id='word_1_310' title='bbox 725 3372 809 3444; x_wconf 66' lang='lat' dir='ltr'>fd,4li,</span> <span class='ocrx_word' id='word_1_311' title='bbox 824 3375 867 3428; x_wconf 90' lang='grc'><strong>10.</strong></span> <span class='ocrx_word' id='word_1_312' title='bbox 888 3393 967 3443; x_wconf 88' lang='lat' dir='ltr'>qaum</span> <span class='ocrx_word' id='word_1_313' title='bbox 985 3383 1088 3445; x_wconf 83' lang='lat' dir='ltr'>postero</span> <span class='ocrx_word' id='word_1_314' title='bbox 1110 3376 1153 3428; x_wconf 85' lang='lat' dir='ltr'>die</span> <span class='ocrx_word' id='word_1_315' title='bbox 1173 3393 1252 3428; x_wconf 89' lang='lat' dir='ltr'>mana</span> <span class='ocrx_word' id='word_1_316' title='bbox 1273 3378 1306 3430; x_wconf 88' lang='lat' dir='ltr'>da</span> 
     </span>
    </p>
   </div>
   <div class='ocr_carea' id='block_1_9' title="bbox 313 3458 1339 3782">
    <p class='ocr_par' dir='ltr' id='par_1_11' title="bbox 313 3458 1339 3782">
     <span class='ocr_line' id='line_1_37' title="bbox 316 3458 1313 3530; baseline 0.002 -18"><span class='ocrx_word' id='word_1_317' title='bbox 316 3461 447 3516; x_wconf 72' lang='lat' dir='ltr'>ediscenda</span> <span class='ocrx_word' id='word_1_318' title='bbox 470 3477 499 3512; x_wconf 88' lang='lat' dir='ltr'>aa</span> <span class='ocrx_word' id='word_1_319' title='bbox 520 3460 696 3528; x_wconf 87' lang='lat' dir='ltr'>nequidquam</span> <span class='ocrx_word' id='word_1_320' title='bbox 716 3459 820 3512; x_wconf 84' lang='lat' dir='ltr'>litterae</span> <span class='ocrx_word' id='word_1_321' title='bbox 837 3461 990 3515; x_wconf 83' lang='lat' dir='ltr'>redduntur.</span> <span class='ocrx_word' id='word_1_322' title='bbox 1022 3459 1067 3525; x_wconf 91' lang='grc'>21,</span> <span class='ocrx_word' id='word_1_323' title='bbox 1083 3458 1128 3525; x_wconf 82' lang='grc'>59,</span> <span class='ocrx_word' id='word_1_324' title='bbox 1141 3458 1166 3512; x_wconf 85' lang='grc'>5.</span> <span class='ocrx_word' id='word_1_325' title='bbox 1180 3477 1183 3488; x_wconf 94' lang='grc'><em>·</em></span> <span class='ocrx_word' id='word_1_326' title='bbox 1197 3462 1313 3530; x_wconf 76' lang='lat' dir='ltr'>neqsrid-&#39;</span> 
     </span>
     <span class='ocr_line' id='line_1_38' title="bbox 315 3544 1305 3615; baseline 0.005 -21"><span class='ocrx_word' id='word_1_327' title='bbox 315 3559 395 3612; x_wconf 91' lang='lat' dir='ltr'>quam</span> <span class='ocrx_word' id='word_1_328' title='bbox 404 3544 530 3612; x_wconf 83' lang='lat' dir='ltr'>fatigato</span> <span class='ocrx_word' id='word_1_329' title='bbox 545 3544 646 3609; x_wconf 83' lang='lat' dir='ltr'>milita,</span> <span class='ocrx_word' id='word_1_330' title='bbox 660 3551 799 3612; x_wconf 82' lang='lat' dir='ltr'>postquam</span> <span class='ocrx_word' id='word_1_331' title='bbox 819 3547 895 3598; x_wconf 86' lang='lat' dir='ltr'>nulla</span> <span class='ocrx_word' id='word_1_332' title='bbox 908 3562 966 3613; x_wconf 84' lang='lat' dir='ltr'>spes</span> <span class='ocrx_word' id='word_1_333' title='bbox 981 3553 1038 3598; x_wconf 86' lang='lat' dir='ltr'>erat</span> <span class='ocrx_word' id='word_1_334' title='bbox 1059 3545 1181 3615; x_wconf 83' lang='lat' dir='ltr'>potiundi</span> <span class='ocrx_word' id='word_1_335' title='bbox 1201 3547 1305 3610; x_wconf 65' lang='lat' dir='ltr'>eastra,</span> 
     </span>
     <span class='ocr_line' id='line_1_39' title="bbox 313 3613 1306 3698; baseline 0.003 -18"><span class='ocrx_word' id='word_1_336' title='bbox 313 3629 421 3696; x_wconf 62' lang='lat' dir='ltr'>sigism</span> <span class='ocrx_word' id='word_1_337' title='bbox 444 3613 561 3697; x_wconf 62' lang='lat' dir='ltr'>..am</span> <span class='ocrx_word' id='word_1_338' title='bbox 583 3628 664 3681; x_wconf 69' lang='lat' dir='ltr'>asara.</span> <span class='ocrx_word' id='word_1_339' title='bbox 698 3627 725 3692; x_wconf 82' lang='lat' dir='ltr'>s,</span> <span class='ocrx_word' id='word_1_340' title='bbox 746 3625 793 3692; x_wconf 79' lang='lat' dir='ltr'>aa,</span> <span class='ocrx_word' id='word_1_341' title='bbox 816 3627 842 3680; x_wconf 88' lang='lat' dir='ltr'>u.</span> <span class='ocrx_word' id='word_1_342' title='bbox 869 3629 896 3694; x_wconf 86' lang='lat' dir='ltr'>s,</span> <span class='ocrx_word' id='word_1_343' title='bbox 910 3627 953 3694; x_wconf 87' lang='lat'>14,</span> <span class='ocrx_word' id='word_1_344' title='bbox 968 3627 995 3682; x_wconf 82' lang='lat'>4.</span> <span class='ocrx_word' id='word_1_345' title='bbox 1024 3627 1053 3696; x_wconf 81' lang='lat'>5,</span> <span class='ocrx_word' id='word_1_346' title='bbox 1068 3628 1112 3694; x_wconf 79' lang='lat' dir='ltr'>aa,</span> <span class='ocrx_word' id='word_1_347' title='bbox 1128 3627 1172 3686; x_wconf 83' lang='lat'>11.</span> <span class='ocrx_word' id='word_1_348' title='bbox 1205 3628 1306 3698; x_wconf 74' lang='lat' dir='ltr'>auga</span> 
     </span>
     <span class='ocr_line' id='line_1_40' title="bbox 318 3708 1339 3782; baseline 0.006 -20"><span class='ocrx_word' id='word_1_349' title='bbox 318 3711 387 3765; x_wconf 82' lang='lat' dir='ltr'>Aen.</span> <span class='ocrx_word' id='word_1_350' title='bbox 403 3708 429 3775; x_wconf 79' lang='lat' dir='ltr'>u,</span> <span class='ocrx_word' id='word_1_351' title='bbox 444 3709 505 3764; x_wconf 84' lang='grc'><strong>219.</strong></span> <span class='ocrx_word' id='word_1_352' title='bbox 526 3729 629 3766; x_wconf 81' lang='lat' dir='ltr'>caussas</span> <span class='ocrx_word' id='word_1_353' title='bbox 645 3713 817 3782; x_wconf 89' lang='lat' dir='ltr'>nequidquam</span> <span class='ocrx_word' id='word_1_354' title='bbox 838 3715 1035 3778; x_wconf 39' lang='lat' dir='ltr'>neatisuinanis.</span> <span class='ocrx_word' id='word_1_355' title='bbox 1063 3713 1109 3780; x_wconf 91' lang='grc'>22,</span> <span class='ocrx_word' id='word_1_356' title='bbox 1128 3712 1171 3777; x_wconf 83' lang='grc'>18,</span> <span class='ocrx_word' id='word_1_357' title='bbox 1189 3714 1233 3768; x_wconf 88' lang='grc'><strong>10.</strong></span> <span class='ocrx_word' id='word_1_358' title='bbox 1256 3716 1305 3768; x_wconf 82' lang='lat' dir='ltr'>Ge.</span> <span class='ocrx_word' id='word_1_359' title='bbox 1337 3776 1339 3780; x_wconf 27' lang='lat'>¹</span> 
     </span>
    </p>
   </div>
   <div class='ocr_carea' id='block_1_10' title="bbox 315 3795 1306 3945">
    <p class='ocr_par' dir='ltr' id='par_1_12' title="bbox 315 3795 1306 3945">
     <span class='ocr_line' id='line_1_41' title="bbox 315 3795 1306 3945; baseline 0.005 -98"><span class='ocrx_word' id='word_1_360' title='bbox 315 3795 407 3945; x_wconf 52' lang='lat'>{³231</span> <span class='ocrx_word' id='word_1_361' title='bbox 418 3795 526 3863; x_wconf 63' lang='lat' dir='ltr'>san,</span> <span class='ocrx_word' id='word_1_362' title='bbox 542 3795 603 3851; x_wconf 74' lang='lat'>117.</span> <span class='ocrx_word' id='word_1_363' title='bbox 637 3797 720 3853; x_wconf 76' lang='lat' dir='ltr'>uvis.</span> <span class='ocrx_word' id='word_1_364' title='bbox 739 3799 806 3852; x_wconf 79' lang='lat' dir='ltr'>ruet.</span> <span class='ocrx_word' id='word_1_365' title='bbox 821 3799 864 3866; x_wconf 84' lang='lat' dir='ltr'>lu,</span> <span class='ocrx_word' id='word_1_366' title='bbox 876 3799 903 3856; x_wconf 78' lang='grc'><strong>3.</strong></span> <span class='ocrx_word' id='word_1_367' title='bbox 920 3801 1047 3870; x_wconf 77' lang='lat' dir='ltr'>Proper-t.</span> <span class='ocrx_word' id='word_1_368' title='bbox 1065 3801 1093 3866; x_wconf 86' lang='grc'>2,</span> <span class='ocrx_word' id='word_1_369' title='bbox 1108 3798 1176 3882; x_wconf 56' lang='lat'>⁴¹2?-</span> <span class='ocrx_word' id='word_1_370' title='bbox 1202 3801 1306 3855; x_wconf 78' lang='lat' dir='ltr'>Lucan.</span> 
     </span>
    </p>
   </div>
   <div class='ocr_carea' id='block_1_11' title="bbox 90 3969 1419 4140">
    <p class='ocr_par' dir='ltr' id='par_1_13' title="bbox 90 3949 1419 4140">
     <span class='ocr_line' id='line_1_42' title="bbox 90 3969 1306 4056; baseline 0.007 -22"><span class='ocrx_word' id='word_1_371' title='bbox 90 3975 95 3984; x_wconf 61' lang='grc'>’</span> <span class='ocrx_word' id='word_1_372' title='bbox 266 4021 270 4027; x_wconf 85' lang='grc'><strong>-</strong></span> <span class='ocrx_word' id='word_1_373' title='bbox 353 3983 423 4052; x_wconf 70' lang='lat' dir='ltr'>&#39;liin</span> <span class='ocrx_word' id='word_1_374' title='bbox 448 3980 474 4046; x_wconf 88' lang='grc'>5,</span> <span class='ocrx_word' id='word_1_375' title='bbox 496 3983 541 4050; x_wconf 77' lang='lat' dir='ltr'>tu,</span> <span class='ocrx_word' id='word_1_376' title='bbox 563 3983 589 4036; x_wconf 90' lang='lat'>1.</span> <span class='ocrx_word' id='word_1_377' title='bbox 616 3986 690 4038; x_wconf 80' lang='lat' dir='ltr'>Galli</span> <span class='ocrx_word' id='word_1_378' title='bbox 708 4003 808 4055; x_wconf 89' lang='lat' dir='ltr'>quoque</span> <span class='ocrx_word' id='word_1_379' title='bbox 828 3983 875 4056; x_wconf 72' lang='lat' dir='ltr'>ptr</span> <span class='ocrx_word' id='word_1_380' title='bbox 896 3988 996 4056; x_wconf 84' lang='lat' dir='ltr'>aliquot</span> <span class='ocrx_word' id='word_1_381' title='bbox 1016 3969 1072 4042; x_wconf 77' lang='lat' dir='ltr'>dies</span> <span class='ocrx_word' id='word_1_382' title='bbox 1091 3987 1121 4041; x_wconf 87' lang='lat' dir='ltr'>in</span> <span class='ocrx_word' id='word_1_383' title='bbox 1139 3994 1207 4041; x_wconf 83' lang='lat' dir='ltr'>testa</span> <span class='ocrx_word' id='word_1_384' title='bbox 1231 3989 1306 4042; x_wconf 90' lang='lat' dir='ltr'>modo</span> 
     </span>
     <span class='ocr_line' id='line_1_43' title="bbox 211 4063 1419 4140; baseline 0.008 -21"><span class='ocrx_word' id='word_1_385' title='bbox 211 4063 218 4073; x_wconf 79' lang='lat'><strong><em>‘</em></strong></span> <span class='ocrx_word' id='word_1_386' title='bbox 316 4069 386 4122; x_wconf 78' lang='lat' dir='ltr'>ariis</span> <span class='ocrx_word' id='word_1_387' title='bbox 411 4068 583 4137; x_wconf 84' lang='lat' dir='ltr'>nequidquam</span> <span class='ocrx_word' id='word_1_388' title='bbox 608 4073 670 4123; x_wconf 82' lang='lat' dir='ltr'>tells</span> <span class='ocrx_word' id='word_1_389' title='bbox 690 4079 780 4140; x_wconf 83' lang='lat' dir='ltr'>gesto,</span> <span class='ocrx_word' id='word_1_390' title='bbox 808 4088 886 4139; x_wconf 87' lang='lat' dir='ltr'>qaam</span> <span class='ocrx_word' id='word_1_391' title='bbox 907 4073 976 4126; x_wconf 85' lang='lat' dir='ltr'>inter</span> <span class='ocrx_word' id='word_1_392' title='bbox 1003 4075 1125 4127; x_wconf 83' lang='lat' dir='ltr'>incendia</span> <span class='ocrx_word' id='word_1_393' title='bbox 1153 4090 1185 4125; x_wconf 89' lang='lat' dir='ltr'>aa</span> <span class='ocrx_word' id='word_1_394' title='bbox 1212 4077 1305 4128; x_wconf 82' lang='lat' dir='ltr'>ruinas</span> <span class='ocrx_word' id='word_1_395' title='bbox 1418 4065 1419 4069; x_wconf 27' lang='lat'>¹</span> 
     </span>
    </p>
   </div>
   <div class='ocr_carea' id='block_1_12' title="bbox 317 4155 1302 4253">
    <p class='ocr_par' dir='ltr' id='par_1_14' title="bbox 317 4155 1302 4253">
     <span class='ocr_line' id='line_1_44' title="bbox 317 4155 1302 4253; baseline 0.009 -47"><span class='ocrx_word' id='word_1_396' title='bbox 317 4161 409 4224; x_wconf 79' lang='lat' dir='ltr'>eaptm</span> <span class='ocrx_word' id='word_1_397' title='bbox 424 4156 494 4210; x_wconf 83' lang='lat' dir='ltr'>ariis</span> <span class='ocrx_word' id='word_1_398' title='bbox 510 4155 577 4209; x_wconf 73' lang='lat' dir='ltr'>sinu</span> <span class='ocrx_word' id='word_1_399' title='bbox 590 4173 727 4253; x_wconf 72' lang='lat' dir='ltr'>superans.</span> <span class='ocrx_word' id='word_1_400' title='bbox 738 4165 843 4226; x_wconf 82' lang='lat' dir='ltr'>praeter</span> <span class='ocrx_word' id='word_1_401' title='bbox 861 4165 975 4243; x_wconf 63' lang='lat' dir='ltr'>sammaa</span> <span class='ocrx_word' id='word_1_402' title='bbox 996 4159 1078 4214; x_wconf 75' lang='lat' dir='ltr'>tosta</span> <span class='ocrx_word' id='word_1_403' title='bbox 1102 4159 1239 4226; x_wconf 84' lang='lat' dir='ltr'>uiderant,</span> <span class='ocrx_word' id='word_1_404' title='bbox 1259 4179 1302 4215; x_wconf 80' lang='lat' dir='ltr'>aa·</span> 
     </span>
    </p>
   </div>
   <div class='ocr_carea' id='block_1_13' title="bbox 817 4332 933 4386">
    <p class='ocr_par' dir='ltr' id='par_1_15' title="bbox 817 4332 933 4386">
     <span class='ocr_line' id='line_1_45' title="bbox 817 4332 933 4386; baseline 0 0"><span class='ocrx_word' id='word_1_405' title='bbox 817 4332 833 4366; x_wconf 56' lang='grc'><em>’</em></span> <span class='ocrx_word' id='word_1_406' title='bbox 930 4379 933 4386; x_wconf 86' lang='grc'><strong>.</strong></span> 
     </span>
    </p>
   </div>
   <div class='ocr_carea' id='block_1_14' title="bbox 0 0 1442 4752">
    <p class='ocr_par' dir='ltr' id='par_1_16' title="bbox 0 0 1442 4752">
     <span class='ocr_line' id='line_1_46' title="bbox 0 0 1442 4752; baseline 0 0"><span class='ocrx_word' id='word_1_407' title='bbox 0 0 1442 4752; x_wconf 95' lang='lat' dir='ltr'> </span> 
     </span>
    </p>
   </div>
  </div>
 </body>
</html>
