2854 4750
296 261 302 273 ’
399 317 500 386 aa.
543 263 641 392 ricc.
685 317 847 404 usovn.
1013 305 1016 318 '
1129 331 1168 394 ar

107 490 237 556 Necte
262 487 357 554 libris
382 488 512 577 scriptls
538 473 673 578 apparet
700 487 895 578 apostrophi
918 489 1053 577 signum
1082 491 1171 580 (vide

108 577 272 662 Wagner.
294 573 333 638 ad
355 575 465 662 Virgil.
482 579 563 640 Aen.
580 581 611 648 6,
628 577 737 660 780.)=
761 597 828 662 quo
850 585 972 642 veteres
990 579 1169 667 scriptores

107 685 180 725 non
199 660 354 725 videntur
373 663 425 726 usi
449 683 530 726 esse.
575 659 704 726 Comici
719 651 800 726 ‘fere
824 657 945 744 ubique
969 665 1013 728 ita
1036 665 1171 752 loquuti

107 757 210 820 sunt,
234 757 267 810 et
285 755 403 834 poetae
417 747 537 833 reliqui
554 769 653 836 saepe
668 749 784 812 etiamr
806 769 867 812 nac
883 747 1024 814 dubitari
1049 739 1170 836 potest,

109 834 192 919 quin
212 831 356 918 prosaici
380 834 557 921 scriptores
581 833 616 897 in
640 833 838 920 quibusdam
863 834 1073 900 allocutionis
1094 836 1168 903 for·
1234 853 1253 860 ‘

106 919 206 982 mulis
223 919 321 982 ctiam
340 915 615 1006 huncrulgarem
631 939 727 982 usum
752 919 956 983 admiserint.
1001 921 1065 986 Sed
1091 945 1168 991 cnm

108 1005 245 1070 comicis
262 1004 359 1068 etiarn
378 1002 432 1068 alii
447 1016 566 1105 poetae
583 1006 616 1069 in
642 1004 821 1092 verborum
850 1005 986 1085 formis,
1007 1029 1090 1093 quae
1111 1010 1169 1074 lit-

106 1101 213 1159 teram
239 1112 256 1152 a
279 1087 420 1169 habent,
450 1111 554 1178 ipsam
579 1089 664 1157 hanc
687 1091 864 1170 eliserunt,
894 1091 1044 1178 adeoque
1067 1113 1168 1161 voca-

104 1175 174 1240 lem
206 1176 345 1262 longam
376 1177 620 1264 corripueram.
679 1176 760 1241 Vide
791 1176 944 1242 Servium
976 1178 1015 1241 ad
1050 1181 1166 1269 ¹Virgil.

104 1268 188 1327 Aen.
214 1266 246 1337 6,
269 1264 344 1330 780.
372 1261 548 1326 Formulae
573 1271 668 1326 erant
691 1263 767 1340 via,
798 1262 839 1326 de
862 1285 930 1349 quo
956 1285 989 1348 p.
1006 1269 1058 1330 82.
1081 1271 1167 1344 scia,

105 1349 187 1425 aia,
215 1347 256 1412 de
279 1367 346 1433 quo
364 1347 491 1412 Manat.
517 1347 557 1412 ad
578 1348 645 1414 Cic.
664 1347 768 1433 Epist.
787 1353 818 1426 9,
835 1354 887 1413 21.
915 1349 1034 1427 viden,
1058 1351 1167 1419 iuben.

102 1434 216 1498 Nemo
236 1455 312 1497 vero
328 1433 546 1520 adstipulatus
564 1433 763 1522 estHeynio,
782 1435 839 1521 qui
856 1435 1065 1522 opinabatur,
1081 1439 1166 1505 illud

103 1543 127 1584 a
143 1530 260 1585 natum
280 1541 349 1584 esse
368 1541 408 1584 ex
425 1541 485 1584 aa.

218 1631 311 1684 Plaat.
333 1629 414 1684 Asini
430 1631 457 1695 2,
471 1629 498 1694 Δ,
515 1625 558 1680 18.
577 1630 675 1693 insita,
693 1600 816 1684 sceleste?
850 1630 930 1684 Tria.
950 1629 976 1697 1,
991 1631 1018 1696 2,
1034 1631 1076 1688 81.
1102 1636 1166 1690 eml-

173 1716 230 1768 rtia
245 1717 278 1768 de
291 1715 450 1769 adolescente
472 1717 521 1769 das
536 1714 634 1768 aedes?
649 1717 653 1725 '

220 1795 333 1871 Terent.
349 1817 467 1884 Ειιη.,3,
482 1817 509 1883 5,
528 1817 572 1872 25.
590 1836 640 1890 pro
665 1817 819 1871 anarchon?
853 1817 935 1871 Andr.
950 1817 976 1882 3,
996 1819 1083 1884 2,11.
1105 1839 1164 1875 cre·

172 1903 225 1955 dou
240 1904 287 1954 rut
301 1903 349 1955 ltoc
363 1903 452 1986 aranas?

220 2003 334 2056 Terent.
347 2005 415 2057 Eun.
431 2004 539 2071 4,4,1.
563 2005 649 2057 haten
668 2004 820 2057 homiaem?
854 2003 882 2071 5,
897 2005 924 2068 2,
938 2005 982 2060 22.
1002 2009 1065 2060 abin
1082 2009 1164 2063 laiac?

172 2088 266 2142 Plant.
283 2089 365 2142 Truc.
387 2091 414 2150 2,
428 2089 456 2155 S,
471 2091 496 2144 1.
513 2091 597 2143 'datia
614 2089 719 2142 rohas?
751 2089 823 2142 Ante
846 2107 977 2144 consonas
994 2109 1077 2162 saepe
1099 2112 1164 2165 ega·

171 2173 229 2226 ae?
264 2174 327 2227 vite
345 2193 371 2242 p.
387 2174 431 2266 8¹³.

163 2303 166 2314 ·
189 2306 191 2312 .
219 2276 317 2346 Virgil.
331 2279 398 2330 Aen.
414 2277 456 2342 lu,
473 2275 534 2333 668.
561 2283 651 2330 tanton
671 2293 711 2328 me
733 2272 843 2326 crimine
862 2275 975 2344 dignam
996 2277 1112 2330 duxisti?
1135 2277 1162 2343 ἃ,

170 2361 233 2414 319.
258 2364 373 2430 Pyrrhia
391 2365 518 2430 sannatia
533 2361 640 2416 cervae?
675 2357 787 2412 Persius
808 2357 834 2421 1,
856 2359 882 2412 2.
906 2362 960 2412 min
974 2370 1002 2414 ta
1016 2363 1086 2415 {ettad
1100 2365 1164 2418 air?

169 2449 196 2510 1,
216 2449 260 2500 22.
276 2457 339 2512 tua,
357 2452 456 2512 vetule,
473 2448 597 2502 auriculis
620 2445 714 2497 alienia
732 2444 836 2512 colligit
851 2445 948 2498 eecce?
985 2447 1084 2500 Horat.
1103 2441 1194 2504 Set!

170 2533 197 2598 1,
213 2533 258 2600 20,
273 2531 317 2585 78.
333 2551 405 2585 meae
418 2541 521 2587 moveat
538 2532 619 2586 cimex
640 2527 790 2580 Pratum?
1234 2521 1240 2537 “

159 2682 163 2686 .
216 2635 316 2689 Horat.
341 2635 399 2690 Sat.
416 2635 443 2700 1,
458 2636 484 2701 9,
501 2633 543 2687 dt).
569 2633 612 2686 cia
634 2631 683 2684 ta?
716 2629 794 2682 Pers.
815 2629 842 2694 a,
861 2629 906 2683 63.
921 2631 1012 2686 Plaut.
1036 2635 1120 2686 Poen.
1133 2634 1161 2699 5,

172 2718 277 2784 2,155.
302 2721 348 2773 aia
371 2739 428 2773 eam
453 2719 563 2774 cidere?
605 2716 720 2768 Terent.
750 2715 799 2768 Art.
819 2713 847 2779 4,
868 2717 895 2781 2,
917 2715 961 2770 42.
986 2721 1041 2770 seia
1061 2721 1162 2772 Cratini

171 2805 250 2857 licias
270 2805 331 2858 ditis
355 2805 452 2860 aeder?
485 2805 576 2858 Plaut.
593 2801 654 2856 Aur.
668 2799 693 2862 3,
709 2798 754 2854 62.
773 2802 843 2852 ain?
864 2803 1012 2856 audivisti?
1046 2791 1159 2857 Terent.
1247 2796 1249 2799 ’

171 2891 242 2944 Eun.
258 2889 287 2954 2,
303 2891 328 2956 2,
345 2889 386 2944 10.
410 2891 488 2944 videa
504 2887 565 2942 mel
599 2884 700 2954 virgil.
717 2885 782 2946 Aen,
799 2885 826 2952 6,
841 2886 901 2940 180.
917 2890 993 2941 viden
1009 2897 1038 2940 at
1053 2889 1129 2942 etot

215 2992 328 3046 Liviam
352 2993 424 3046 satta
447 3009 497 3060 pro
519 2992 616 3044 satirae
640 3005 723 3054 saepe
750 2989 850 3042 dixisse
872 2990 1004 3058 exemplis
1027 2981 1176 3046 monstret

171 3078 313 3130 Drakenb.
334 3077 368 3130 ed
394 3078 420 3144 1,
444 3077 488 3142 uu,
508 3075 534 3130 3.
575 3071 617 3128 Aa
643 3089 709 3124 vero
732 3071 816 3126 etiam
843 3075 921 3126 videa
947 3076 1102 3143 scripserit,
1124 3077 1160 3129 alr

170 3159 307 3214 lilrmrnm
322 3158 533 3229 discrepantiam
549 3159 661 3212 dulcium
678 3164 728 3210 est.
762 3159 803 3210 De
817 3161 865 3216 ain
884 3160 953 3226 apud
969 3160 1078 3213 Liviam
1095 3161 1159 3230 quis·

170 3246 233 3298 dem
256 3247 390 3316 ambigua
406 3254 446 3298 est
464 3245 601 3314 qrraestio=
620 3243 684 3296 ride
698 3241 808 3297 criticos
822 3244 858 3297 acl
874 3243 917 3306 lu,
936 3243 979 3307 25,
995 3242 1021 3294 (i.
1039 3247 1087 3298 sed
1101 3246 1160 3316 cto,

167 3331 203 3383 tle
222 3331 291 3401 Leg.
310 3331 337 3398 3,
354 3329 440 3398 6,14.
459 3320 507 3382 aia
527 3329 653 3384 tandem?
706 3391 708 3394 Ι
742 3355 744 3360 ’

379 3533 546 3622 Nau
600 3529 962 3649 NEQVE.‘

184 3717 293 3782 Etiam
323 3718 357 3782 in
382 3717 492 3803 lingua
521 3716 620 3780 latina
644 3713 856 3778 inveniuntur
878 3711 1053 3791 vocabula,
1076 3737 1159 3802 quae

102 3799 249 3868 diversae
275 3803 412 3890 originis
439 3805 489 3866 rel
512 3803 554 3866 oh
582 3799 833 3866 similitudinem
858 3794 1005 3877 formae,
1037 3803 1087 3866 vel
1112 3803 1156 3866 ob

101 3887 350 3972 significationis
376 3890 608 3972 cognationem
629 3908 700 3950 non
725 3883 828 3948 modo
862 3905 944 3961 usu,
974 3887 1158 3952 sedetiam

101 3976 287 4063 praeceptis
305 3976 602 4064 grammaticorum
617 3971 755 4038 confusa
775 3979 863 4034 sunt·
907 3970 1007 4036 Cuius
1029 3974 1157 4057 generis

101 4068 242 4139 estnec,
265 4061 358 4147 quod
383 4084 424 4124 ex
445 4084 549 4144 aeque
569 4059 696 4125 factum
718 4059 829 4122 dicunt
856 4056 992 4145 abrupta
1019 4057 1156 4144 syllaba,

102 4143 149 4207 uti
172 4171 215 4212 ac
241 4169 284 4213 ox
308 4159 419 4235 atque.
473 4147 588 4234 Neque
619 4144 739 4222 desunt
764 4142 942 4224 dictiones,
970 4143 1004 4220 iu
1037 4143 1155 4243 quibus
1195 4179 1198 4188 ι
