2860 4756
206 368 251 432 es
553 359 662 428 aru.
704 357 777 428 un.
818 357 916 427 uia.
956 307 988 394 ἶ

210 531 347 612 torum,
367 532 443 596 ceri
455 531 616 619 ingenio,
640 532 728 598 satis
743 529 928 620 providas,
944 525 1026 595 betti
1039 527 1137 594 haud
1158 529 1269 619 igna-

210 642 280 684 rua.
316 619 477 682 ¹Latinum
495 618 628 683 dicendi
650 618 793 684 modum
808 637 927 682 vereor
940 635 984 680 nc
999 637 1270 703 corrumpamus,
1330 678 1332 684 .

158 711 161 719 '
199 705 424 790 ,siKritzium
446 707 578 790 sequuti
600 705 634 769 in
657 703 763 770 verbis
783 702 926 790 patiens
943 699 1100 768 laborum
1121 705 1270 792 particu-

210 789 278 856 lam
294 811 379 856 acm
394 789 657 856 substituendam
675 801 841 878 putemus.
909 816 921 838 κ

182 939 187 956 ’
294 935 326 996 2.
352 929 430 994 Non
456 933 527 996 sine
543 951 653 994 caussa
669 927 840 994 Herbstius
868 929 908 993 ad
934 927 1077 1010 Quintil.
1099 931 1269 1011 10,1,18.

212 1027 340 1099 monet,
363 1016 552 1104 saepissime
577 1015 767 1080 orationem
793 1039 810 1080 a
835 1015 1030 1104 compositit
1055 1013 1163 1080 verbis
1185 1038 1270 1082 nam

214 1113 248 1167 et
262 1115 355 1180 -et
371 1102 457 1168 duci.
485 1101 551 1166 'Et
577 1099 679 1166 affert
702 1100 868 1190 permulta
891 1100 1044 1188 exempla
1071 1100 1269 1182 Quintiliani

213 1187 431 1276 aliorumque.
476 1186 597 1262 Caussa
626 1209 703 1273 vero
722 1188 756 1251 in
775 1209 814 1252 eo
841 1197 890 1252 est
917 1189 1045 1276 posita,
1069 1187 1160 1272 quod
1184 1211 1267 1254 num

214 1274 255 1340 ad
281 1287 385 1340 totam
413 1273 609 1344 sententiam
642 1274 812 1361 pertinens
842 1284 1020 1360 utramque
1041 1272 1109 1347 eius
1139 1286 1269 1360 partem

214 1362 410 1427 disiunctum
437 1359 678 1447 complectitur.
734 1359 864 1426 Eodem
889 1362 993 1426 modo
1018 1373 1270 1445 componuntur

212 1471 297 1517 num
311 1468 416 1535 neque
430 1481 474 1494 -
487 1467 603 1533 neque.

327 1566 386 1622 cic.
402 1565 481 1620 Brut.
495 1565 529 1629 1,
543 1564 569 1617 1.
594 1577 655 1618 aem
669 1571 696 1618 et
710 1567 793 1620 amieo
809 1567 905 1622 omisso
918 1593 956 1619 .-
972 1565 1108 1630 m'debum,
1126 1570 1153 1618 et
1168 1593 1203 1604 —
1222 1567 1270 1620 dc-

174 1689 185 1703 .
280 1652 375 1706 lebam.
410 1647 543 1714 26,100.
579 1651 691 1704 caesar.
710 1652 744 1704 Β.
766 1651 834 1719 gell.
853 1649 887 1714 7,
901 1649 945 1702 61.
969 1667 1031 1702 acm
1048 1657 1075 1703 et
1092 1652 1220 1718 praesidio
1234 1681 1270 1692 -

282 1737 390 1802 relicto,
408 1743 432 1790 et
445 1755 534 1808 parva
549 1753 631 1790 manas
650 1763 684 1776 -
703 1737 791 1788 mrem.
826 1733 942 1803 Quintil.
957 1734 1009 1802 11,
1023 1733 1057 1798 l,
1074 1733 1118 1792 68.

327 1837 442 1907 Quintil.
456 1837 506 1904 10,
525 1837 558 1906 5,
572 1838 599 1892 5.
616 1855 680 1892 mam
694 1855 775 1906 aeque
789 1855 889 1908 semper
902 1839 1145 1907 estdespercudum
1157 1865 1209 1906 -‚
1225 1858 1271 1894 ue·
1334 1845 1336 1856 '

281 1939 333 1994 pse
346 1927 410 1979 adeo
423 1924 536 1978 iciunum
552 1952 584 1966 -
602 1931 702 1978 actara
716 1923 889 1996 elequentiam
902 1923 979 1990 fecit.
1013 1920 1040 1990 6,
1056 1919 1123 2001 ⁹29·
1140 1922 1167 1990 2,
1182 1923 1210 1991 5,
1225 1925 1270 1979 21.

296 2063 328 2128 8.
356 2062 515 2126 Auctorcs
532 2059 721 2146 inquinatae
736 2056 907 2124 latinitatis
924 2057 960 2122 in
976 2057 1074 2122 huius
1090 2059 1271 2146 particulas

214 2161 277 2208 usu
294 2147 512 2234 negligentius
531 2145 756 2224 versabantur,
776 2155 810 2208 et
824 2143 878 2208 ubi
895 2143 965 2210 aliis
985 2154 1054 2210 erat
1065 2146 1271 2212 continuan-

215 2228 256 2297 da
274 2234 394 2314 oratio,
416 2255 500 2298 num
517 2229 784 2320 interponebant.
831 2286 834 2312 ,

328 2353 416 2422 Epist.
430 2353 465 2408 ed
480 2347 559 2407 Brut.
573 2352 599 2406 6.
618 2352 730 2405 consoles
746 2351 825 2415 duas,
845 2351 924 2403 bonos
945 2350 1065 2419 quidem,
1083 2352 1129 2404 sed
1143 2353 1271 2408 dtatcaat
1349 2391 1353 2404 .

280 2438 359 2492 domos
375 2426 517 2491 amisimus.
551 2437 657 2490 Hirtiae
680 2437 781 2504 quidem
803 2436 831 2488 tn
850 2436 911 2504 ipsu
932 2437 1042 2489 victoria
1058 2437 1169 2502 occidit,
1193 2455 1272 2506 paam

260 2570 265 2578 .
281 2524 478 2592 paucitatem·
495 2538 596 2590 magno
614 2520 712 2590 proelio
730 2525 793 2571 uate
813 2519 922 2571 vicisset.
955 2521 1026 2572 Nam
1043 2522 1136 2574 Poma
1145 2524 1272 2592 fugerat,

284 2609 434 2664 uulneribus
457 2606 586 2674 acceptis,
611 2621 678 2672 pace
690 2605 765 2670 ferre
782 2621 833 2656 aaa
855 2604 950 2672 potuit.
984 2605 1156 2659 Modestinus
1177 2605 1204 2659 in
1221 2606 1272 2660 ni-

271 2697 353 2760 *gest
366 2690 418 2756 50,
437 2687 613 2758 16,101,0.
640 2706 730 2742 veram
743 2695 796 2754 est,
812 2689 932 2742 mortum
951 2706 1007 2744 esse
1028 2693 1195 2762 temporalem
1216 2709 1273 2746 eor·

279 2777 353 2846 porto
365 2775 587 2838 imbecillitatem,
602 2772 695 2827 citium
717 2789 777 2826 cero
791 2779 947 2842 perpetuam
969 2777 1082 2844 corporis
1101 2778 1272 2847 impedimen·

282 2865 357 2926 tam,
374 2860 464 2914 oetati'
474 2859 499 2912 ci
511 2859 594 2912 talum
608 2857 730 2912 cammite
750 2875 815 2912 acm
829 2865 853 2911 et
867 2858 952 2911 taam
965 2859 1054 2930 aetam
1068 2863 1170 2916 vitiosus
1185 2871 1231 2918 est.

296 2996 328 3078 *J
363 2994 424 3062 Sae
450 2994 561 3060 issima
582 3017 600 3059 a
622 2993 765 3060 librariis
793 3001 1015 3060 commutatae
1041 3006 1119 3080 sunt
1143 2997 1273 3064 iamet

151 3077 154 3083 '
214 3097 308 3144 acm.
336 3081 390 3145 vd.
444 3081 546 3146 iscell.
565 3080 645 3145 Obs.
662 3080 705 3146 T.
725 3087 755 3146 1.
778 3102 812 3168 p.
834 3087 908 3146 208.
952 3080 1115 3147 Schwara.
1132 3083 1292 3150 adPlin..

214 3163 295 3230 Pan·
318 3187 353 3256 p.
369 3166 444 3232 524.
488 3165 743 3232 Drakenborch.
766 3167 806 3230 ad
824 3167 895 3232 Liv.
912 3167 943 3244 5,
960 3168 1014 3249 51,
1031 3173 1059 3234 6.
1089 3169 1203 3234 Heins.
1229 3169 1272 3234 ad

216 3248 314 3316 Ovid.
337 3251 418 3322 Met.
434 3255 566 3332 89850.
587 3251 731 3318 Ellendt.
750 3251 792 3317 ad
811 3253 880 3319 Cic.
901 3251 994 3320 Brut.
1017 3258 1070 3332 48,
1088 3258 1161 3323 159.
1182 3253 1271 3320 Bur-

215 3338 388 3404 maamad
405 3336 544 3403 Anthol.
564 3345 594 3404 1.
615 3362 651 3426 p.
665 3343 740 3404 220.
762 3348 794 3404 et
809 3361 889 3424 non,
911 3361 983 3403 nec.
1015 3339 1272 3407 Drakenborch.

216 3419 257 3486 ud
271 3421 342 3490 biv.
356 3429 387 3503 8,
403 3429 457 3503 27,
473 3428 506 3490 2.
530 3426 690 3489 Garatom
710 3423 750 3490 ad
768 3424 836 3490 Cic.
850 3448 886 3514 p.
894 3423 965 3490 Mil.
976 3429 1005 3489 1.
1026 3448 1111 3490 nam
1126 3439 1273 3492 etnam-

215 3527 300 3662 ilicet
321 3507 507 3678 grplpenb:
524 3509 566 3576 ad
593 3510 664 3576 liv.
687 3515 726 3590 7,
754 3513 815 3589 28,
836 3515 870 3578 7.
902 3507 1070 3656 Walther.
1097 3513 1139 3579 ad
1161 3511 1272 3582 Tacit.

573 3748 691 3880 NE.
747 3751 912 3838 Nan.

299 3905 543 4002 Affirmativam
565 3931 763 4022 particulam
784 3955 827 3998 ne
849 3953 926 3999 eum
989 3935 1071 4004 accis
1093 3937 1146 4004 sul
1174 3947 1206 4006 et
1232 3938 1273 4024 νὴ

123 4030 126 4040 “
217 4020 383 4106 componi
397 4017 519 4086 debere
557 4040 681 4104 omnes
715 4019 933 4088 rammaticia
972 4035 1124 4090 rmarunt
1141 4037 1274 4114 praeter

215 4101 400 4188 Paemani,
420 4066 638 4206 quiuidnotia
661 4129 678 4172 a
718 4105 851 4174 Terent.
868 4107 971 4176 Andr.
987 4109 1076 4176 Prol.
1095 4115 1146 4176 17.
1173 4123 1205 4177 et
1227 4113 1271 4177 ob

218 4182 385 4262 diversam
406 4189 683 4282 significationem
704 4201 738 4260 et
753 4190 798 4258 ob
816 4195 1046 4264 auctoritatem
1061 4197 1186 4264 Donati
1208 4209 1273 4264 ne·
