2860 4756
244 330 287 392 ss
419 329 443 426 j
742 325 813 392 un.

244 494 432 572 universam
458 491 669 562 sententiam.
716 482 818 577 ¹Quae
840 513 989 558 narrasse
1022 491 1099 556 satis
1125 503 1191 558 est:
1223 515 1301 558 nam

245 593 406 669 quantum
425 581 507 647 haec
528 583 642 646 omnia
666 582 718 647 vel
744 609 762 647 a
786 581 920 645 veritate
941 577 1164 653 abhorreant,
1188 579 1301 646 velud

245 691 317 734 eam
336 659 511 746 accidant,
533 668 625 732 brevi
642 668 689 732 rei
706 667 911 765 expositione
936 664 1120 752 apparebit.

328 751 382 820 Ne
402 755 504 842 igitur
519 777 588 818 non
604 764 652 818 est
669 755 702 817 in
723 752 773 816 lns
789 751 991 817 dictionibus
1015 751 1224 832 coniunctio,
1245 748 1303 814 sed

244 841 421 926 antiquum
455 839 665 915 adverbium,
706 837 797 924 quod
826 840 947 903 maiori
974 860 1052 902 cum
1081 839 1113 902 vi
1144 857 1303 928 pronon

245 926 377 991 dicitur.
428 927 576 992 Primum
605 925 693 988 enim
719 945 883 1010 nusquam
907 935 945 988 ut
978 945 1022 990 ne
1052 921 1303 1012 usurpaturjda

205 1022 212 1024 ’
243 1013 406 1090 consilio,
439 1012 496 1076 sed
522 1011 561 1075 de
586 1008 708 1074 effectu
730 1011 799 1074 sive
832 1012 872 1074 de
899 1033 936 1075 ro
962 1008 1149 1077 efficienda:
1183 1007 1302 1074 deinde
1359 1039 1365 1054 x

242 1119 444 1187 semperne
473 1096 628 1160 adhaeret
650 1097 709 1160 uni
735 1096 832 1162 alicui
853 1095 1016 1164 uocabulo
1044 1097 1218 1182 negatione
1243 1093 1302 1158 de-

117 1241 126 1264 .
193 1203 196 1210 ’
243 1175 426 1270 signando,
448 1191 545 1268 atque
565 1181 647 1244 adeo
668 1192 706 1246 nt
731 1181 853 1248 necubi
869 1183 1006 1248 dicitur:
1031 1191 1103 1247 tum
1123 1182 1185 1248 alia
1213 1201 1301 1269 quo-

236 1289 307 1356 que
326 1265 479 1334 vocabula
494 1267 529 1331 in
548 1265 703 1331 eumdem
725 1268 867 1334 modum
885 1269 1133 1347 consociantur,
1157 1278 1193 1332 ut
1237 1287 1302 1329 no-

243 1355 345 1419 modo
360 1376 421 1417 ne:
445 1351 587 1438 denique
603 1375 681 1417 usus
700 1352 755 1418 hia
770 1377 810 1420 eo
828 1353 1110 1442 magise'xolevit,
1136 1375 1203 1442 quo
1217 1291 1302 1416 ion-

241 1441 312 1528 gius
331 1439 512 1524 scriptores
528 1438 818 1526 abantiquissimo
841 1441 972 1506 dicendi
995 1461 1114 1527 genere
1142 1441 1300 1505 discesse-

239 1535 337 1607 runt.
374 1524 459 1587 Nam
483 1522 605 1590 comiti
626 1524 820 1612 frequenter
846 1527 890 1590 ita
915 1527 1046 1614 loquuti
1071 1537 1171 1608 sunt,
1202 1545 1300 1611 saepe

240 1611 337 1676 etiam
356 1610 491 1674 Cicero:
514 1611 570 1674 sed
588 1613 722 1688 Caesar,
746 1623 782 1676 ut
798 1611 946 1692 videtur,
969 1634 1164 1698 numquam,
1187 1611 1300 1676 Livius

178 1765 180 1769 ,
211 1737 214 1746 .
239 1699 306 1762 sira
325 1693 437 1782 paucis
454 1696 488 1759 in
502 1695 599 1776 locis,
624 1694 692 1762 sive
709 1701 891 1786 nusquam:
916 1699 974 1764 sed
994 1697 1167 1762 Cornelius
1188 1697 1318 1782 Nepos.

240 1791 272 1847 'et
289 1781 465 1846 Suetonius
491 1782 528 1846 in
555 1803 619 1848 una
642 1794 771 1848 tantum
788 1784 948 1860 lormula',
972 1805 1155 1870 numquam
1174 1781 1299 1861 Celsus,

237 1885 299 1933 nec
321 1867 474 1946 Curtius,
505 1890 565 1932 uec
589 1867 746 1947 Tacitus,
789 1893 852 1934 nec
881 1871 1023 1952 Seneca,
1062 1893 1121 1934 nec
1147 1867 1298 1938 Valerius

225 1952 416 2042 Maximus.
470 1952 541 2018 lam
568 1977 648 2020 vero
678 1955 914 2040 exponendum
948 1967 1016 2032 est,
1047 1957 1182 2042 quando
1211 1955 1297 2018 anti-

237 2040 369 2126 quiores
386 2039 569 2126 scriptores
591 2041 636 2106 ita
661 2041 694 2105 lo
721 2043 790 2107 uuti
813 2041 951 2106 luerint.
994 2040 1030 2105 ld
1055 2043 1144 2106 enim
1170 2039 1296 2105 factum

237 2135 286 2190 est
308 2123 431 2210 triplici
448 2128 589 2192 ratione.
638 2133 666 2209 1)
706 2137 737 2193 'e
783 2150 910 2192 ronan
926 2127 1130 2216 ponebqtur,
1156 2127 1213 2191 ubi
1236 2147 1297 2188 ne-

236 2212 323 2299 gatio
348 2233 425 2278 cum
450 2214 608 2295 nominc,
630 2215 683 2277 cui
708 2149 908 2296 addebatur,
939 2217 971 2277 in
998 2235 1096 2277 unam
1121 2213 1296 2277 notionem

236 2295 353 2362 coibat.
396 2296 504 2364 Itane
523 2301 617 2386 quis,
640 2321 682 2364 ne
706 2301 782 2388 qni,
805 2325 848 2364 ne
866 2297 1004 2400 pucndo
1022 2311 1053 2363 et
1070 2299 1151 2364 aliae
1167 2297 1296 2364 formae

234 2383 389 2448 relativae
413 2385 713 2469 componebantur.
766 2385 873 2450 Simili
903 2385 1004 2448 modo
1031 2386 1196 2448 alternant
1229 2385 1296 2449 nti·

239 2491 324 2534 nam
337 2492 407 2534 non
429 2483 463 2533 ct
478 2471 615 2536 utinam
630 2493 673 2535 ne
693 2469 776 2558 qrrid
789 2473 875 2558 apud
893 2471 960 2534 Cic.
980 2471 1020 2533 ad
1040 2473 1106 2534 Au.
1123 2477 1172 2548 11,
1190 2476 1222 2536 9.
1302 2487 1306 2492 ’

348 2589 454 2655 Recte,
475 2597 507 2642 ut
522 2589 736 2654 mihi-videtur,
755 2591 836 2644 Laut.
852 2591 933 2643 Valla
946 2592 1075 2660 Elegant.
1095 2588 1121 2655 3,
1138 2591 1185 2644 et.
1198 2611 1296 2658 „more

218 2742 233 2751 ἢ
259 2745 262 2752 Ι
303 2671 444 2726 Ciceronis
460 2682 490 2726 at
507 2691 540 2726 ne
556 2691 606 2742 pro
629 2682 658 2726 ut
682 2678 767 2728 nan.“
802 2675 880 2728 Idem
897 2675 1064 2730 Thomasius
1087 2677 1121 2729 ad
1144 2677 1294 2730 Turscllin.

146 2762 234 2827 fas-¹
255 2795 257 2806 .
301 2763 330 2810 et
343 2755 511 2810 Linaccrde
526 2759 640 2814 Emend.
657 2759 757 2812 Struct,
777 2761 802 2812 l.
821 2780 847 2830 p.
861 2761 904 2814 01.

347 2859 437 2913 Plaut.
453 2863 534 2914 Most.
553 2861 578 2926 ir,
596 2861 620 2926 1,
636 2861 678 2915 12.
696 2872 813 2933 pergunt
828 2867 933 2918 turbare
948 2883 1044 2936 nsque,
1061 2873 1092 2918 ut
1107 2867 1216 2934 nequid
1232 2885 1295 2934 pos-

300 2941 333 2996 sit
348 2947 529 3012 conquiescere·
556 2947 669 3000 Terent.
684 2947 734 2998 Ad.
751 2945 776 3012 4,
793 2947 819 3012 4,
835 2949 876 3003 18.
887 2953 952 3018 fieri
963 2954 1041 3020 potis,
1059 2959 1199 3020 utusque
1214 2961 1295 3006 meat.

297 3027 368 3081 Hoc.
383 3027 410 3096 4,
427 3031 454 3096 2,
472 3032 514 3086 ltt.
533 3032 591 3090 Cic.
606 3033 639 3084 dc
659 3031 713 3085 off.
729 3033 754 3097 1,
768 3033 795 3100 i,
812 3034 855 3086 10.
880 3037 924 3088 sed
946 3037 1062 3090 iustitiae
1074 3038 1187 3106 primum
1201 3054 1296 3093 munus

260 3148 264 3166 .
303 3119 355 3176 est,
374 3122 403 3168 ut
415 3109 450 3168 ‘ne
470 3118 513 3169 cui
531 3120 587 3186 puis
601 3127 706 3182 noceat,
724 3119 774 3170 nisi
792 3121 925 3190 lacessitus
942 3121 1052 3174 iniuria.
1087 3122 1120 3172 da
1136 3120 1196 3172 lar.
1216 3121 1250 3184 2,
1265 3121 1294 3186 3,

300 3195 343 3248 10.
362 3197 396 3250 da
414 3200 470 3254 off.
486 3201 512 3266 l,
530 3201 574 3265 2ος
591 3201 652 3256 103.
677 3221 709 3254 er
725 3205 817 3270 quidus
832 3205 898 3258 illud
912 3207 1084 3276 intelligitur,
1105 3235 1139 3247 -
1163 3209 1295 3276 appetitus

187 3284 192 3290 ’
245 3356 249 3364 .
302 3299 389 3338 amnas
408 3287 596 3338 contrahendas
617 3289 792 3356 sedandosque
808 3317 865 3353 -,.
882 3299 911 3342 ut
929 3307 961 3344 na
982 3292 1044 3358 quid
1064 3299 1159 3344 temere
1181 3310 1213 3343 cc
1230 3296 1294 3357 far-

297 3367 369 3420 tuitu
391 3369 578 3424 inconsiderate
605 3373 817 3441 negligenterque
837 3391 960 3445 agamus.
993 3375 1127 3444 aleam.
1145 3373 1246 3440 10,14,
1265 3375 1292 3430 4.

298 3451 327 3502 in
347 3453 422 3504 illam
439 3455 525 3524 igitur
546 3473 644 3508 caram·
658 3457 792 3520 accumbe,
811 3459 848 3510 mi
862 3458 975 3522 Plance,
995 3466 1025 3510 ut
1047 3477 1081 3512 ne
1103 3479 1155 3529 qua
1175 3463 1292 3516 scintilla

297 3539 427 3590 teterrimi
449 3539 508 3590 belli
528 3541 698 3608 relinquatur.
734 3538 778 3606 10,
801 3541 827 3606 0,
851 3539 878 3594 5.
905 3544 929 3606 l,
951 3541 977 3606 4,
1000 3543 1027 3600 3.
1050 3545 1084 3596 dc
1104 3547 1165 3600 nm.
1181 3544 1226 3608 10,
1247 3544 1296 3598 tu.

298 3618 364 3672 iilud
375 3623 464 3690 potius
480 3613 696 3698 praecipiendum
713 3628 782 3695 fuit,
803 3633 832 3680 ut
850 3645 906 3680 eam
924 3629 1090 3697 diligentiam
1107 3631 1291 3700 adhiberemus

219 3705 222 3713 “
297 3703 326 3753 in
340 3706 466 3760 amicitiis
480 3714 679 3780 comparandis,
705 3719 735 3764 ut
752 3730 784 3764 nc
802 3713 907 3780 quanda
924 3729 1018 3768 amara
1037 3715 1207 3784 inciperemus
1221 3734 1290 3783 eum,

300 3805 373 3855 quem
394 3791 534 3859 aliqnando
548 3799 628 3850 odisse
642 3815 780 3867 possemus.
814 3797 926 3850 Suetou.
943 3797 1005 3850 Tib.
1023 3796 1066 3850 39.
1084 3807 1221 3868 utaequa
1238 3802 1292 3855 nisi

299 3871 461 3940 ipsalserede
475 3890 623 3934 moreretur.
660 3881 748 3952 eattg.
764 3881 807 3936 41.
829 3883 915 3936 Varro
933 3882 966 3932 de
984 3884 1050 3936 Rea.
1066 3882 1127 3948 2‚2‚
1140 3882 1182 3936 10.
1201 3885 1290 3954 itaque

291 3961 402 4025 fuciunt
417 3961 506 4030 lapide
519 3972 616 4029 strata,
635 3973 663 4018 ut
678 3969 759 4023 urina
774 3969 867 4020 necubi
881 3969 910 4020 in
924 3968 1025 4023 stabulo
1039 3970 1171 4022 consistat.

313 4060 378 4128 Sed
402 4064 500 4131 etiam
521 4065 626 4132 verbis
646 4067 835 4158 praeligitur
856 4093 918 4152 ne,
945 4093 1089 4158 quorum
1110 4071 1205 4136 notio
1226 4095 1289 4137 nc·

230 4149 336 4238 ganda
352 4157 401 4213 est
417 4149 473 4232 ita,
496 4163 530 4215 ut
552 4156 757 4223 contrarium
773 4159 955 4243 cogitetur:
978 4158 1011 4222 id
1029 4157 1118 4244 quod
1136 4179 1177 4222 ex
1194 4179 1289 4222 more
1322 4167 1331 4181 ”
1396 4187 1403 4198 ,
