2860 4756
603 345 663 413 un
685 383 729 398 -
750 319 938 476 ern'ap.

419 631 423 636 .
503 568 602 654 nn
631 614 688 634 -
719 493 1041 686 ernnn.
1152 645 1155 654 s

332 743 359 804 1.
389 735 443 804 Ne
467 759 544 802 cum
567 737 705 825 quidem
728 736 939 824 coniungitur
964 735 1164 823 interposito
1188 737 1300 822 aliquo

244 824 417 918 vocabulo.
450 821 489 888 Id
508 847 572 890 nos
590 825 748 889 Germani
765 823 911 888 solemus
932 823 1070 888 reddere
1086 821 1192 888 verbis
1207 824 1303 886 uiolet

245 910 394 975 eiamal:
416 931 484 995 quo
498 933 596 996 saepe
611 911 668 989 fit,
691 920 729 972 ut
754 934 771 973 a
793 910 928 998 propria
954 909 1134 975 latinorum
1159 909 1303 972 vocabu-

242 993 356 1060 lorum
374 995 612 1081 significatione
627 997 831 1061 aberremus.
873 994 1002 1060 Idcirco
1018 993 1176 1072 Wolfius,
1197 1017 1303 1080 quum

245 1083 473 1167 cognovisset,
511 1081 585 1148 non'
605 1083 759 1148 omnibus
783 1082 865 1145 locis
896 1081 976 1144 illud
1009 1091 1123 1168 aptum
1151 1103 1236 1158 esse,
1266 1081 1302 1144 in

245 1167 369 1232 scholis
388 1168 455 1232 auis
470 1167 601 1249 docuit,
622 1193 665 1234 ne
680 1205 724 1218 -
741 1167 879 1256 quidem
893 1189 993 1254 saepe
1022 1169 1062 1232 de
1086 1167 1183 1230 rebus
1210 1167 1302 1253 pari·

243 1250 306 1317 bus
322 1253 386 1320 dici
402 1264 435 1318 et
449 1253 625 1340 significari
642 1255 750 1320 etium
771 1278 860 1332 non,
877 1253 1004 1342 ,quibus
1030 1251 1135 1318 verbis
1158 1275 1304 1342 compo-

245 1340 315 1403 sitis
339 1341 443 1404 Latini
467 1363 648 1426 numquam
672 1341 722 1406 usi
745 1353 864 1404 essent.
914 1340 1006 1404 Hanc
1030 1339 1238 1418 doctrinam,
1265 1341 1301 1404 in

245 1426 336 1489 notis
360 1447 449 1490 nunc
473 1427 514 1492 ad
540 1428 607 1493 Cic.
631 1425 731 1493 Tusa.
752 1433 780 1505 1,
798 1431 829 1506 6,
848 1431 897 1490 11.
932 1433 960 1501 1,
984 1430 1037 1504 25,
1061 1425 1302 1500 carradium,

245 1512 343 1576 multi
366 1513 575 1662 grammatici
605 1507 930 1601 comprobaverunt,
965 1511 1064 1576 veluti
1095 1509 1230 1582 Heldius
1261 1511 1302 1574 ad

154 1592 161 1597 ’
213 1655 215 1664 ,
247 1599 341 1661 Caes.
379 1593 448 1662 etl.
473 1601 532 1664 civ.
557 1605 590 1673 2,
613 1605 666 1664 83.
696 1599 882 1664 Beneckius
909 1597 950 1662 ad
978 1597 1223 1675 lustinddd,
1249 1603 1300 1660 10.

244 1683 465 1753 Dietrichain
491 1685 626 1765 Quaest.
651 1696 825 1778 grammat.
856 1709 888 1770 p.
905 1689 959 1748 70.
990 1682 1144 1747 Klotzius
1171 1682 1210 1746 ad
1233 1683 1302 1746 Cic.

244 1767 347 1834 Tusc-
366 1776 395 1846 1,
413 1773 466 1852 26,
484 1775 537 1836 65.
579 1773 623 1834 At
642 1793 829 1834 nonunurn
853 1781 918 1844 est,
950 1769 1041 1856 quod
1063 1770 1098 1833 in
1126 1768 1178 1832 his
1202 1791 1301 1856 prae·

140 1887 149 1946 ζ
247 1858 349 1942 ceptis
365 1856 451 1921 maie
467 1880 501 1921 se
518 1857 647 1921 habeat.
669 1858 755 1920 Nam
770 1858 917 1944 primum
936 1855 1033 1920 verba
1049 1877 1150 1918 ne-
1166 1853 1303 1941 quictem

244 1961 315 2004 non
330 1953 469 2027 possunt
483 1965 576 2006 suam
594 1941 869 2029 significationem
885 1944 928 2006 ita
945 1953 1083 2018 mutare,
1100 1945 1178 2006 utri
1193 1940 1304 2026 parti·
1413 1995 1414 2032 ÷

247 2027 341 2125 cuiae
348 2021 485 2114 quidem
495 2029 650 2115 adempta
666 2029 707 2094 de
722 2029 821 2094 rebus
840 2028 1158 2114 paribus-dicantur:
1185 2025 1304 2091 deiude
1413 2033 1414 2104 j

246 2111 421 2178 discrimen
438 2114 685 2202 significationis
700 2137 769 2179 non
793 2116 828 2178 in
846 2114 952 2179 latinis
973 2112 1158 2190 vocabulis,
1186 2111 1300 2176 sedin

246 2200 442 2286 germanicis
468 2213 517 2265 est
533 2203 653 2266 situm:
676 2201 816 2288 denique
840 2201 946 2264 Latini
973 2198 1062 2263 haud
1087 2199 1173 2264 maie
1190 2200 1303 2262 dicunt
1413 2207 1414 2212 ’

245 2307 351 2374 neque
381 2287 506 2366 etiam,
546 2289 655 2352 etium
682 2311 762 2352 noc.
819 2283 872 2352 Ne
903 2286 1115 2372 negationem
1145 2285 1306 2370 exprimit

246 2374 390 2456 graviori
418 2373 467 2438 viz
502 2373 640 2460 quidem
667 2374 798 2438 nomini
836 2372 932 2436 alicui
973 2372 1139 2436 adiectum
1169 2369 1304 2449 indicat,

202 2477 203 2486 ¹
245 2457 332 2524 hano
350 2481 421 2523 rem
438 2457 554 2522 efferri
572 2471 670 2544 atque
688 2459 757 2524 aliis
781 2459 920 2546 opponi.
965 2459 1077 2540 Quare
1100 2455 1181 2521 haec
1206 2455 1305 2522 verba

244 2545 382 2631 proprie
398 2543 482 2607 nihil
499 2543 685 2630 significant
700 2559 798 2630 quam
817 2545 1003 2630 graviorem
1026 2543 1238 2627 negationem
1263 2542 1306 2606 ad

246 2651 349 2694 unam
373 2631 550 2694 notionem
583 2653 759 2717 praecipue
791 2631 942 2696 relatam.
993 2629 1191 2714 Intelligitur
1214 2631 1305 2694 enim
1414 2643 1415 2684 t

245 2737 318 2796 res,
349 2735 448 2801 quarn
478 2738 547 2780 non
580 2715 654 2782 fieri
686 2737 804 2780 omnes
835 2717 991 2795 credunt,
1023 2726 1079 2780 aut
1101 2737 1202 2800 quam
1232 2713 1306 2779 fieri
1413 2705 1415 2766 Ψ

247 2823 363 2866 omncs
387 2801 569 2866 mirantur:
601 2825 701 2890 quam
726 2802 866 2867 obrem
892 2801 999 2868 maius
1024 2801 1178 2866 accedere
1206 2801 1308 2865 debet
1414 2865 1415 2884 ἶ

244 2888 431 2974 negationis
464 2887 607 2974 pondus.
668 2890 899 2976 Opponuntur
922 2912 992 2963 res,
1023 2911 1102 2975 quas
1133 2909 1203 2952 uon
1236 2910 1308 2952 esse
1414 2895 1415 2944 1

247 2986 303 3037 aut
326 2996 396 3038 non
414 2971 486 3039 fieri
503 2977 612 3040 miuus
629 2976 777 3046 videatur
796 2975 930 3042 mirum.
975 2974 1064 3060 Ergo
1080 2975 1108 3038 ai
1129 2995 1182 3039 res
1196 2974 1307 3061 respi-

247 3060 371 3148 cimus,
395 3060 479 3124 inest
494 3061 530 3126 iu
552 3061 657 3125 verbis
676 3061 852 3127 descensus
877 3085 895 3126 a
915 3061 1042 3126 maiore
1067 3083 1103 3125 re
1126 3061 1172 3124 ad·
1191 3062 1307 3124 mino-

244 3167 338 3226 rem,
360 3146 412 3210 sin
434 3168 510 3210 vero
525 3148 736 3234 negationem
753 3137 1020 3228 consideramus,
1043 3145 1212 3210 adscendit
1229 3168 1308 3209 ora-

245 3231 293 3296 tio
311 3230 352 3301 ad
369 3235 532 3298 maiorem
547 3245 746 3320 potestatem
763 3233 915 3320 negandi.
956 3234 1030 3298 Hoc
1052 3233 1210 3298 Germani
1228 3229 1308 3296 red-

247 3316 330 3381 dunt
346 3318 454 3384 verbis
468 3319 562 3384 nicta
577 3318 724 3399 eiamal,
742 3319 978 3406 gescltweige‚
1004 3319 1092 3383 ancli
1113 3319 1208 3383 uiolet
1230 3318 1308 3382 ein-

245 3403 331 3468 mal.
376 3405 504 3491 Siquid
521 3405 621 3492 igitur
636 3405 835 3470 discriminis
852 3404 1049 3484 intercedit,
1070 3401 1210 3470 efficitur
1226 3425 1308 3491 pro-

245 3491 472 3570 nuntiatione,
497 3514 561 3578 qua
581 3491 725 3577 negandi
749 3495 796 3556 vis
820 3502 968 3578 augetur.
1013 3489 1079 3555 Sed
1103 3489 1309 3576 primitivam
1376 3515 1385 3534 ¹

247 3573 525 3660 significationem
556 3578 699 3664 positam
724 3600 794 3642 esse
817 3577 852 3640 in
879 3577 936 3640 illa
963 3577 1089 3641 maiore
1125 3577 1309 3664 negationis
1413 3593 1415 3598 ’

246 3663 423 3748 gravitate,
453 3659 486 3724 id
514 3673 652 3750 apparet
683 3665 848 3737 maxime,
881 3662 937 3727 ubi
966 3661 1029 3726 aed
1052 3661 1181 3726 aliudve
1209 3661 1308 3725 huius
1337 3731 1342 3742 ,

247 3747 376 3833 generis
393 3746 591 3812 vocabulum
607 3751 642 3814 in
656 3749 757 3814 altera
771 3749 950 3814 sententiae
968 3758 1062 3834 parte
1077 3747 1243 3833 sequitur:
1269 3747 1310 3812 de

248 3854 312 3917 qua
328 3855 364 3896 re
381 3832 453 3898 vide
476 3856 510 3897 n.
529 3837 580 3898 11.
605 3845 637 3899 et
661 3835 696 3898 in
716 3836 774 3918 iis,
799 3833 917 3921 quibus
945 3833 1120 3899 reddendis
1145 3856 1208 3897 nos
1235 3855 1309 3898 voc.

244 3919 452 4005 keineswega
496 3918 702 3986 adhibemus.
773 3920 929 3986 Gradatio
968 3943 1047 4005 ergo
1087 3921 1235 3984 cernitur
1274 3917 1310 3982 in

136 4053 147 4065 .
248 4027 335 4084 non,
357 4027 418 4082 ne,
439 4026 520 4084 nec,
543 4005 765 4105 nequidem:
787 4029 865 4070 nam
893 4005 985 4092 quod
1010 4007 1127 4072 Cicero
1144 4003 1232 4069 Lael.
1257 4010 1308 4078 11,

246 4091 302 4156 39ss
333 4089 412 4154 dicit
437 4111 480 4240 epe
500 4093 675 4186 suspectari
698 4091 835 4180 quidem
853 4113 1050 4180 possumus,
1074 4093 1174 4158 etiam
1196 4099 1309 4188 extro-

246 4199 343 4246 mum
363 4197 469 4266 nega.
834 4191 839 4216 ’·
