2860 4756
651 325 722 431 ue.
764 361 864 428 une,
929 349 931 352 ’
972 443 974 454 Ι

344 532 500 586 Pronomeu
518 532 703 602 possessivum
718 532 925 602 misequitur,
944 549 998 587 non
1021 531 1129 586 videtur
1153 529 1225 586 rutiu
1246 531 1292 601 in-

299 619 444 672 tereedere
467 615 625 686 singularis.
660 619 774 701 Terent.
797 621 879 672 Heu.
892 616 919 683 5,
937 617 963 684 3,
985 618 1011 672 1.
1034 619 1123 688 edepol
1152 635 1185 673 ue
1206 633 1292 674 meane

300 702 377 758 derue
391 722 444 758 esec
459 721 565 774 eperum
582 704 691 774 deputat
708 706 788 774 parui
804 705 883 774 preti.

316 839 348 903 4.
387 840 439 906 Ex
463 837 514 903 his
539 860 636 917 vero,
675 862 758 927 quos
785 839 899 921 attuli,
921 815 1003 903 lucis
1030 837 1216 930 colligitur,
1248 860 1302 901 ne.

231 924 431 1012 plerumque
446 926 599 1012 usurpari
614 926 648 990 in
672 927 885 991 conclusione
907 925 971 999 ita,
997 934 1051 1004 ut,
1073 923 1291 1074 praecedente

179 1051 180 1054 =
231 1011 459 1076 enuntiatione
474 1011 608 1079 caussali
628 1012 677 1076 vel
691 1011 908 1078 conditionali
924 1010 980 1080 vel.
995 1032 1073 1074 voca
1100 1009 1160 1074 ulis
1198 1031 1291 1089 urum,
1391 1075 1395 1087 ¹

231 1097 264 1160 si
286 1097 472 1184 designata„
495 1093 546 1161 vel
560 1107 740 1178 contracta,
759 1099 795 1163 in
813 1097 953 1186 epodosi
976 1106 1128 1182 ponatur.
1159 1033 1290 1160 {lamen

232 1193 311 1246 sunt
326 1185 425 1253 etium
441 1183 594 1270 exempla
609 1206 681 1259 'non
698 1207 821 1273 pauca,
841 1175 878 1248 in
896 1182 1090 1270 quibuetper
1111 1203 1147 1245 se
1162 1190 1293 1246 constat

230 1270 393 1335 sententia
409 1268 562 1354 simplex.
599 1269 754 1334 Ceterum
770 1271 943 1334 uniuersus
957 1278 1039 1332 usus'
1052 1266 1195 1332 maxime
1211 1287 1292 1352 per·-

232 1355 317 1418 tinet
348 1353 388 1418 ad
422 1354 604 1441 colloquia:
641 1379 720 1422 raro
752 1357 868 1421 dicunt
889 1365 1050 1420 oratores
1084 1363 1178 1418 extra
1203 1351 1290 1416 allo-

234 1441 417 1506 cutionem.
495 1452 501 1478 ¹
787 1451 788 1460 ’
1005 1455 1017 1474 “
1093 1454 1096 1460 ’

317 1595 348 1660 5.
377 1595 500 1681 Aperta
517 1603 566 1660 est
581 1614 713 1670 caussa,
737 1593 827 1658 unde
842 1591 1055 1674 factumest,
1076 1603 1113 1657 ut
1134 1614 1177 1656 ne
1198 1611 1291 1654 sem-

192 1709 196 1718 ·
232 1700 295 1828 per
316 1690 498 1774 poneretur
523 1679 563 1744 ab
587 1679 682 1744 initio
705 1678 941 1744 sententiarum
966 1689 999 1742 et
1021 1679 1131 1767 primo
1155 1677 1290 1763 quidem

82 1814 85 1822 ,
150 1791 154 1801 ¹
190 1786 195 1809 ¹
247 1787 319 1832 oco.
362 1766 445 1830 Nem
465 1765 625 1852 particula
646 1765 727 1830 haec
747 1767 863 1831 attinet
886 1763 927 1831 ad
955 1775 1061 1829 totam
1083 1765 1291 1842 consentiam,

233 1873 303 1914 non
328 1850 369 1914 ad
394 1863 498 1914 unum
522 1851 690 1937 quoddam
723 1835 934 1916 vocabulum.
980 1845 1161 1914 Turnebus
1189 1849 1291 1936 igitur
1337 1919 1338 1928 χ

210 1939 366 2023 μΙιερζεινίῑ
382 1937 574 2023 particulam
595 1959 753 2024 umquam
775 1937 876 2002 inseri
900 1959 999 2024 posse
1023 1937 1060 2001 in
1083 1935 1192 2000 media
1212 1955 1291 2002 sen-

233 2025 353 2087 tentia:
376 2023 507 2110 negavit
531 2045 646 2086 rursus
671 2023 805 2086 Rustius
830 2025 865 2087 in
881 2018 1020 2088 Plauti'n.
1048 2021 1175 2108 Cuped.
1197 2019 1290 2085 Fere.

235 2110 285 2174 14.
303 2133 336 2196 p.
352 2111 383 2174 4.
426 2107 491 2173 Sed
516 2109 735 2173 nihilominus
766 2110 935 2198 praemitti
960 2111 1068 2196 potest.
1092 2108 1153 2172 alia
1186 2107 1292 2194 parti-

170 2197 172 2204 '
233 2193 326 2276 cula,
349 2193 448 2258 veluti
464 2195 552 2283 apud
569 2193 766 2261 Terentium
783 2197 899 2261 Heaut.
921 2198 952 2274 5,
971 2203 1000 2274 1,
1017 2196 1070 2258 45.
1091 2205 1129 2258 ut
1145 2215 1188 2257 ne
1203 2189 1292 2254 illud

233 2281 330 2345 haud
352 2280 517 2361 inultum,
539 2281 571 2344 si
593 2281 682 2360 vive,
696 2274 827 2370 ferent.
869 2281 1090 2345 Plaut.·Gurc.
1117 2286 1152 2356 1,
1175 2283 1214 2356 3,
1237 2280 1291 2340 88.

233 2365 278 2430 Et
293 2388 481 2456 pronomen
498 2367 595 2431 ctiam
620 2368 796 2452 praecedit.
840 2367 943 2431 Plarrt.
958 2365 1111 2431 Trinum.
1135 2369 1184 2442 3,,
1198 2368 1236 2436 2,
1260 2366 1292 2426 8.

233 2469 292 2516 LY.
335 2451 490 2539 Egone.
512 2470 569 2516 LE.
616 2453 736 2518 Τιιηε.
782 2451 1081 2530 Curc.1‚2,49.
1126 2449 1179 2512 Sic
1203 2447 1292 2536 apud

156 2555 158 2558 ’
237 2537 424 2617 Catullum,
449 2537 513 2601 nisi
535 2545 682 2602 veterum
705 2537 868 2602 librorum
888 2536 1089 2621 scripturam
1112 2543 1293 2614 mutemus,

177 2626 178 2629 ’
234 2623 374 2710 intelligi
389 2623 486 2689 debet
503 2611 596 2688 exire
610 2623 906 2708 interrogationem
922 2625 1038 2698 63,68.
1058 2641 1122 2706 ego
1139 2619 1294 2684 nedeum

234 2709 399 2775 ministra
422 2720 455 2776 et
479 2707 615 2796 Cybeles
640 2707 784 2800 famula
795 2704 918 2797 ferar.-
949 2727 1016 2793 quo
1044 2706 1091 2770 vis
1114 2706 1294 2770 sententiae

175 2799 176 2805 ’
214 2795 329 2860 'nullo
350 2805 447 2884 puoto
470 2793 673 2882 infringitur.
716 2792 754 2858 ln
778 2795 884 2858 media
908 2815 986 2857 vero
1011 2793 1161 2857 oratione
1186 2791 1294 2879 parti-

237 2882 310 2946 cula
343 2905 413 2946 non
438 2891 550 2968 potest
577 2881 677 2966 poni,
704 2881 832 2944 etiamsi
866 2878 1039 2944 Paldamus
1069 2877 1110 2942 ad
1143 2875 1293 2964 Propert.

237 2989 271 3054 p.
295 2987 355 3033 xn.
375 2965 481 3032 Praei.
498 2967 543 3030 ita
559 2967 680 3032 statuit.
722 2965 830 3030 Etiam
847 2965 882 3029 in
904 2963 1046 3052 apodosi
1067 2963 1216 3052 primum
1238 2965 1294 3027 lc-

235 3075 310 3118 cum
336 3053 480 3132 obtinet,
502 3052 681 3140 praemissa
706 3051 867 3116 sententia
891 3049 1115 3116 conditionali.
1158 3048 1305 3114 Plautus'

234 3139 271 3204 in
292 3139 422 3204 duobus
437 3139 519 3202 locis
534 3139 717 3226 praemittit
733 3137 995 3203 enuntiationem
1010 3135 1191 3202 relativam.

349 3257 461 3311 Terent.
477 3257 562 3310 Andr.
576 3257 650 3310 Prol.
668 3257 710 3310 17.
721 3259 837 3325 ‚fuciunt
850 3276 884 3312 oe
899 3256 1088 3328 intelligendo,
1110 3262 1140 3308 ut
1162 3253 1229 3305 niltil
1250 3251 1294 3304 io·
1388 3264 1391 3270 “

304 3343 436 3411 telligunt.
471 3345 520 3396 ulti
546 3343 709 3410 interpretes
732 3343 840 3415 antiqui
865 3343 922 3398 iam
942 3341 1109 3396 dubitarunt.
1151 3336 1294 3392 Bentleius

227 3458 231 3466 =
304 3425 463 3481 encliticam
487 3447 518 3482 ne
539 3445 572 3480 eo
594 3427 722 3497 agnovit,
747 3429 819 3496 quod
841 3427 870 3480 in
890 3426 962 3482 thesi
985 3425 1104 3494 positum
1128 3429 1178 3476 est.
1219 3423 1294 3474 lllud

217 3561 223 3574 .
276 3527 284 3540 ⁸
303 3515 396 3565 temen
409 3511 507 3581 neges-i
520 3530 573 3564 non
590 3512 701 3580 poterit,
716 3513 878 3566 ullirmundo
895 3511 998 3565 intendi
1013 3509 1184 3563 sententium.
1213 3508 1294 3578 Apud

304 3594 475 3661 Livium-3⁰,
490 3596 533 3662 14,
548 3596 576 3674 i.
598 3599 670 3666 quod
684 3599 833 3651 Rhenanus
847 3597 926 3652 finxit
940 3615 989 3660 ne,
1007 3595 1166 3648 iamdudum
1188 3611 1205 3647 u
1220 3595 1299 3647 Gne-·

305 3678 395 3733 viseto
411 3681 528 3736 eiectum
545 3689 595 3737 est.
629 3682 720 3736 Pleut.
736 3683 835 3752 Amph.
856 3684 882 3748 1,
898 3679 999 3747 Lete.
1016 3697 1078 3732 nam
1095 3679 1295 3750 Amphitruonis

306 3767 402 3817 socium
413 3784 445 3818 ne
460 3785 501 3820 me
513 3786 565 3821 esse
577 3769 648 3820 colui
661 3770 753 3821 dicem.
789 3770 893 3822 Omnes
904 3764 995 3819 critici
1005 3765 1133 3818 viderunt
1145 3765 1218 3817 haec
1234 3783 1295 3818 esse

239 3910 242 3915 ι
304 3847 383 3903 lalsa.
416 3851 562 3922 ingeniose
576 3851 753 3906 Camerarius
770 3851 887 3905 coniecit
897 3851 1054 3904 aurisonum.

342 3953 467 4026 Brppert,
482 3955 508 4020 1,
523 3953 567 4020 15,
582 3952 626 4008 29.
643 3963 718 4010 mutu
730 3957 803 4026 prius
818 3963 890 4008 uuetu
905 3954 1026 4007 labentur
1037 3952 1154 4022 flumine
1167 3960 1245 4024 pontu
1259 3983 1295 3992 -

306 4055 385 4106 quarn
398 4041 463 4093 milri
477 4058 509 4092 oe
525 4037 645 4094 udee'r'sta‘
664 4041 803 4094 videantur
818 4037 908 4104 ocelli,
921 4045 976 4108 'per
988 4058 1048 4108 quoe
1064 4056 1141 4108 saepe
1155 4039 1221 4090 milri
1236 4055 1295 4092 cre-

308 4123 367 4174 atta
387 4125 500 4193 perfidia
523 4130 570 4177 eet.
604 4121 739 4189 Paccius,
767 4123 976 4187 l'uldemus'et,
1000 4117 1173 4188 utuidetur,
1201 4121 1295 4176 buch-

309 4223 424 4265 urennm
444 4225 476 4263 oe
496 4205 554 4264 sive
578 4227 627 4266 oue
641 4207 840 4263 affirmativum
862 4204 921 4262 essu
944 4207 1143 4264 existimarunt.
1184 4208 1220 4264 at
1242 4224 1295 4262 nou
