2876 4752
567 333 714 426 ,unt
856 393 860 400 .
1020 391 1022 396 ,
1131 341 1196 408 aa

135 501 189 568 his
225 500 314 591 apud
347 499 457 568 bonos
493 503 674 589 scriptores
709 503 812 570 alium
850 526 920 570 csse
958 505 1197 574 cententierum

136 589 508 675 modumagnoscimue.
533 589 621 654 Nem
639 590 697 654 ubi
710 591 781 654 nisi
797 589 926 670 dicitur,
944 593 1101 678 primaria
1116 617 1196 658 sen-

136 675 259 740 tentiae
290 697 366 762 pers
397 674 561 738 maiorem
593 673 694 740 habet
726 687 923 763 potestatem
954 700 1054 763 quarn
1077 701 1196 743 secun-

136 761 240 826 daria.
297 761 368 826 tu.
400 760 453 834 24,
489 765 552 837 22,
570 765 633 826 217.
662 761 724 826 sed
748 763 835 826 rniln‘
863 761 1008 840 credite,
1032 764 1198 830 inchoata

137 859 250 912 nestra
263 845 397 932 gioria,
419 843 573 909 nondum
588 845 749 931 perfecta
771 859 840 913 est.-
858 849 1116 936 periculumque
1140 851 1197 915 in-

132 955 223 1082 iem
252 942 382 1011 manet,
427 931 497 994 nisi
522 931 607 1016 paci
635 943 668 996 et
697 933 903 999 concordiae
930 936 1126 1014 consulitis,
1153 958 1197 1002 ue

150 1017 248 1082 ibera
270 1015 433 1106 efferatur
451 1013 654 1100 respublica.
698 1017 744 1080 Si
754 1020 876 1084 dixeris
900 1021 932 1084 si
952 1021 1036 1108 paci
1059 1033 1092 1086 et
1112 1045 1198 1085 con·-

137 1102 281 1168 cordiae
303 1125 372 1166 uon
393 1101 581 1182 cousuiitis,
609 1103 766 1167 minueris
800 1105 863 1167 vim
895 1109 1073 1170 verborum
1095 1107 1195 1193 peri-

137 1188 253 1253 eulum
280 1188 403 1276 ingena
433 1198 563 1253 munet.
626 1187 739 1276 Itaque
777 1187 923 1252 severior
960 1203 1009 1251 cst
1043 1193 1194 1266 minutia,

138 1275 272 1358 quando
303 1272 471 1349 conditi0,
503 1295 586 1358 quae
608 1295 681 1336 eum
710 1274 816 1352 tollat,
850 1296 911 1360 per
942 1273 1012 1338 nisi
1034 1279 1194 1344 adiicitur.

139 1361 209 1426 Cic.
227 1361 262 1423 in
283 1361 379 1422 Verr.
405 1360 435 1430 4.
456 1362 509 1433 39.
522 1361 585 1444 Ι85.
608 1359 727 1443 uiuam⁴
744 1372 777 1424 te
802 1384 871 1424 uon
894 1359 1097 1446 relinquam,
1118 1384 1195 1425 mo-

137 1445 371 1532 riereuirgis,
393 1443 463 1508 uisi
484 1444 571 1507 milti
593 1445 734 1532 siguum
759 1445 926 1510 traditur.
980 1447 1196 1512 Grammatici

138 1533 260 1595 docent
296 1541 372 1616 post
403 1531 499 1593 verbo
526 1529 630 1614 perii,
655 1554 810 1616 peream,
840 1533 973 1596 runriar
1002 1535 1085 1619 poni
1114 1533 1195 1613 nisi,

131 1610 211 1682 'non
229 1615 261 1680 si
281 1639 359 1680 uon.
412 1618 453 1678 At
485 1617 698 1680 vehementer
722 1617 847 1692 dubito,
873 1640 913 1681 an
935 1617 1021 1680 ullu's
1043 1607 1196 1706 antiquae

138 1703 252 1768 aetatis
272 1703 416 1786 scriptor
438 1701 558 1764 dixerit
572 1725 717 1788 peream
738 1703 818 1768 nisi.
847 1705 1014 1769 Dixerunt
1033 1705 1123 1770 enim
1145 1705 1195 1788 ni,

139 1788 232 1876 quod
254 1787 357 1851 astri
378 1809 459 1850 uon.
484 1786 535 1850 vd.
559 1810 594 1876 p.
620 1795 693 1854 193.

241 1931 300 1984 cic.
317 1949 344 2000 p.
363 1929 471 1982 ctuent.
488 1931 515 1994 2,
529 1931 555 1984 6.
573 1923 731 2000 postulo-
762 1941 791 1985 at
814 1935 928 2003 nequid
950 1935 1000 1988 irae
1020 1935 1196 2004 praeiudicati

132 2069 134 2076 ,
205 2019 342 2088 afferatis:
371 2016 466 2067 etenim
483 2034 537 2068 aon
556 2018 632 2069 modo
646 2019 841 2083 anctoritatem,
861 2021 907 2072 red
923 2021 1005 2072 ctiam
1023 2038 1113 2074 nomen
1128 2020 1196 2072 tuat«

206 2119 264 2154 cum
285 2101 451 2167 amittamur,
476 2101 527 2154 oiri
553 2101 596 2152 tric
620 2118 651 2152 ea
678 2103 741 2170 ipsis
765 2105 862 2156 caussis
886 2105 1075 2169 iudicabimus,
1112 2105 1135 2156 si
1159 2106 1196 2157 ad

207 2203 311 2238 caneres
328 2185 428 2237 indicia
443 2185 499 2238 inm
515 2189 595 2250 facto
609 2187 684 2238 domo
703 2189 859 2254 deseremur.
898 2190 973 2241 Male
997 2194 1061 2240 anta
1086 2189 1196 2240 Classe·
1261 2179 1263 2182 ⁵

205 2263 282 2324 nium
297 2269 447 2337 legebatur
464 2271 540 2322 acsi.
576 2269 630 2320 Sed
648 2271 747 2322 uisi-
782 2273 1071 2326 indicabimasdietum
1086 2272 1196 2327 videtur

205 2373 256 2424 pro
272 2357 295 2408 si
307 2357 349 2407 in'c
367 2375 418 2407 uon
433 2374 464 2408 ec
479 2355 541 2424 ipsis
556 2355 652 2406 cortesis
670 2357 857 2408 iudicabimus:
879 2342 969 2411 tamen
985 2365 1113 2428 suspecta
1133 2365 1196 2412 runt

129 2459 132 2466 ·
204 2435 257 2494 ilia
273 2441 359 2493 verba
376 2441 412 2493 ob
426 2439 561 2508 repetitae
578 2439 728 2494 sentcntiae
750 2439 936 2496 ieiunitatem:
971 2462 1023 2496 nec
1041 2443 1195 2512 comparari

205 2533 318 2594 possunt
333 2525 360 2590 6,
380 2525 423 2578 18.
443 2527 508 2577 iaec
523 2526 576 2578 nisi
592 2527 681 2576 omniu
696 2527 874 2596 perspexeritis
895 2529 924 2578 in
938 2546 1049 2593 caussa,
1066 2539 1160 2583 temere
1176 2546 1195 2581 a

206 2611 279 2662 uobis
306 2612 381 2665 illem
409 2600 540 2680 appretiari
561 2617 687 2677 putatote.
724 2611 823 2662 liorat.
842 2611 902 2665 ttrt.
928 2631 952 2680 p.
976 2613 1037 2666 191.
1062 2632 1108 2666 nee
1130 2614 1195 2666 deas

206 2685 325 2759 intersit,
342 2697 438 2766 dignas
452 2696 503 2747 nisi
516 2695 617 2748 vindice
633 2695 717 2746 nodus
730 2695 860 2748 inciderit.
894 2697 955 2749 Nun
973 2703 1101 2767 praestat,
1123 2697 1195 2766 qnod
1211 2717 1214 2724 ¹

206 2779 347 2834 Schellins
367 2799 430 2832 rum
454 2779 643 2848 Coningharno
667 2779 793 2847 scripsit:
812 2781 891 2832 ui-
920 2784 1049 2836 inciderit.
1082 2783 1195 2836 Sallust.

205 2867 266 2919 (iat.
284 2863 328 2930 52,
346 2864 388 2918 33.
407 2867 535 2936 ignoscite
553 2867 661 2934 Cethegi
680 2867 881 2931 adulescentiae,
917 2869 968 2920 nisi
983 2870 1074 2922 iterum
1089 2869 1195 2936 patriae

204 2953 297 3004 bellam
310 2951 387 3018 serit.
421 2951 482 3006 Non
505 2950 532 3002 in
557 2949 710 3023 conditiorre
731 2949 829 3003 nititur
850 2951 922 3003 hace
942 2952 1119 3022 deprecatio,
1146 2952 1195 3004 red

206 3035 317 3099 additur
342 3031 606 3106 per'exceptioneru
632 3053 693 3099 ree,
722 3052 791 3103 quac
807 3051 861 3088 non
879 3043 939 3089 crat
955 3039 1039 3091 facta.
1080 3023 1207 3090 Accedit‘

207 3122 263 3176 hoc
279 3121 313 3174 ad
330 3120 462 3174 ironiamr
497 3137 561 3175 nam
581 3118 712 3172 Germani
737 3120 847 3172 dicunt:
879 3139 905 3174 es
924 3127 1020 3182 mittete
1037 3124 1193 3188 dennseyu,

206 3207 269 3272 dass
289 3215 343 3260 etc.
379 3206 425 3258 Sic
444 3205 537 3274 inepte
556 3205 702 3275 legebatur
718 3206 791 3274 apud
814 3205 940 3259 Curtium
958 3206 1028 3259 olim
1048 3205 1075 3272 6,
1091 3205 1196 3276 11131,

160 3313 163 3318 ·
204 3293 436 3362 paramertenirn
456 3299 496 3344 tot
511 3292 738 3346 mcdotiberorum
760 3300 895 3358 parentem
918 3295 945 3344 iu
969 3294 1046 3344 unico
1061 3295 1124 3359 silio
1149 3309 1194 3343 ac-

207 3377 375 3444 quiescentem
392 3395 422 3430 eo
438 3394 535 3444 quoquc
556 3377 656 3440 orbari,
670 3375 699 3427 ni
719 3376 819 3445 ipsein
836 3394 932 3446 rogum
948 3393 1033 3430 meum
1045 3375 1195 3444 imponitur.
1247 3420 1249 3437 ,

204 3461 283 3515 Bene
299 3460 421 3515 restituit
441 3461 584 3529 Zumptins
600 3463 659 3513 nisi.
780 3465 783 3472 '

180 3611 182 3616 ·
236 3589 317 3658 Apud
331 3589 421 3644 Plaut.
438 3588 500 3642 Ant.
518 3587 544 3653 2,
562 3587 588 3652 8,
606 3585 650 3640 23.
669 3585 844 3642 scribendum
859 3604 920 3640 essa
938 3585 1064 3640 nimirum
1083 3585 1193 3650 occidor,
1220 3603 1225 3611 ·

205 3672 236 3726 ni
253 3675 322 3726 intro
339 3675 390 3726 hac
406 3691 516 3743 propero
539 3675 662 3726 celeriter.
698 3672 753 3726 iarn
774 3673 918 3726 Bentleiur
940 3671 1086 3742 perspexit.
1109 3672 1194 3726 Truc.

119 3747 138 3810 ¹.
204 3757 277 3824 Η,
294 3755 336 3810 69.
358 3759 503 3814 Goellernr
521 3759 593 3812 bene
612 3757 748 3810 restituite
775 3743 843 3826 perii
858 3759 941 3812 tacte
968 3759 1053 3822 hodie,
1080 3758 1109 3808 ui
1126 3758 1196 3808 tuuc

207 3862 226 3897 a
241 3851 267 3897 te
284 3843 373 3914 otigo.
407 3844 439 3898 In
457 3844 529 3897 Rnd.
546 3841 573 3908 5,
590 3841 617 3909 4,
637 3843 680 3896 59.
698 3837 947 3896 scribendum'ert:
966 3845 1034 3912 perii
1049 3844 1143 3910 trereie,
1164 3843 1194 3893 ui

203 3944 246 3982 me
269 3930 408 3998 suspendo.
434 3928 531 3980 Occidi.
572 3929 609 3982 Et
629 3927 707 4002 Triu-
725 3927 751 3992 2,
769 3926 796 3992 4,
814 3927 874 3980 114.
897 3931 977 3999 plone
998 3929 1140 3998 periimus,
1165 3926 1194 3978 ni

205 4013 271 4083 puid
286 4014 535 4083 cgneonmtnnar.
569 4013 606 4068 Et
629 4015 710 4069 Mart.
727 4015 753 4079 1,
770 4011 796 4080 6,
814 4013 856 4068 66.
874 4015 903 4068 di
920 4015 1031 4082 deaeque
1052 4029 1138 4064 omnes
1153 4027 1196 4064 rue

204 4098 333 4167 persentis
358 4095 485 4168 exemptio
508 4095 686 4165 interficiant,
718 4101 748 4152 ni
766 4117 817 4170 ego
836 4099 911 4154 illem
932 4117 1013 4154 annm
1033 4099 1193 4165 interfecero.

208 4181 266 4262 Cic.
281 4181 317 4236 ad
330 4181 388 4242 Aa.
400 4181 444 4252 16,
462 4182 506 4238 11.
523 4185 631 4251 moriar,
647 4184 698 4239 ciri
711 4189 808 4254 facete
834 4183 891 4242 Sed
903 4186 976 4242 haee
989 4201 1024 4240 ex
1037 4183 1196 4244 enniedura
