2876 4752
151 2080 154 2085 ’
240 2083 312 2152 dito
328 2085 451 2154 libros

243 343 307 409 aaa
469 335 715 450 unwanus.
755 333 1095 424 numurus,
1171 417 1173 422 ,
1295 329 1298 347 ·

242 506 428 576 comoediis
454 509 579 598 ubique
599 509 756 576 restituit.
784 505 839 577 vd.
868 507 909 574 ad
934 507 1014 574 Hac.
1039 511 1070 586 1,
1091 511 1124 588 s,
1148 506 1203 574 6⁰.
1253 505 1297 574 Et

242 615 348 684 quum
370 595 522 662 Donatus
538 597 580 664 ad
595 597 699 662 Andr.
717 602 750 677 2,
769 599 799 670 1,
820 599 876 662 80.
907 594 970 661 aits
1001 593 1201 682 neutiquam
1223 613 1295 658 nna

151 706 154 718 ·
236 684 593 832 patrocinationis,
616 683 726 776 ipsam
750 679 836 748 hanc
857 679 1179 770 conglutinationem
1192 677 1296 748 intel-

255 768 324 854 agit.
708 848 712 856 ι
835 790 837 798 s

324 877 396 948 lam
420 881 461 950 de
481 905 555 952 usu.
597 883 807 972 Antiquiores
820 891 940 974 poetae
959 881 1080 947 comici
1096 901 1214 946 omncs
1230 879 1296 947 hoc

175 1009 182 1018 -
227 967 407 1034 -tocabulo
426 982 578 1052 utuntur,
599 973 744 1059 prosaici
764 975 942 1058 scriptores
958 979 1014 1034 aut
1030 989 1106 1034 raro
1122 978 1175 1031 aut
1192 989 1297 1032 nurn-

243 1073 356 1141 quam.
377 1055 516 1122 Nullum
536 1059 731 1146 exemplum
747 1057 857 1123 inveni
880 1075 989 1142 neque
1006 1053 1092 1141 apud
1105 1053 1296 1127 Caesarem,

241 1161 351 1228 neque
376 1144 463 1231 apud
489 1145 756 1226 Quintilianum,
785 1143 951 1220 Plinium',
986 1141 1197 1206 Suetonium.
1242 1139 1298 1204 Ex

241 1225 414 1292 Ciceronis
449 1229 543 1295 libris
577 1225 750 1318 tamquam
782 1227 964 1315 singularia
995 1225 1091 1292 aflert
1123 1225 1295 1290 Charisius

240 1333 276 1402 p.
288 1317 360 1380 186.
370 1313 467 1380 haece
485 1315 528 1381 de
536 1315 732 1382 Senectute:
747 1315 836 1380 milri
848 1335 924 1380 vero
940 1313 1139 1412 neutiquam
1147 1309 1298 1399 probari

161 1438 165 1444 ·
236 1402 355 1486 potuit
377 1412 452 1466 tam
469 1400 662 1502 flagitiosa
687 1412 722 1467 et
744 1412 819 1466 tam
843 1398 989 1488 perdito
1009 1397 1139 1481 iibido.
1187 1397 1296 1463 'Idam

240 1485 280 1548 in
298 1488 556 1552 commentarius
582 1487 626 1554 de
648 1485 846 1553 virtutibus:
876 1483 964 1550 illud
990 1483 1189 1572 neutiquam
1206 1507 1295 1578 pro-5

241 1566 371 1640 dantes.
409 1571 468 1637 llis
484 1583 534 1638 est
550 1571 646 1639 locus
668 1573 709 1638 de
726 1574 854 1639 Senect.
868 1571 927 1650 11,
937 1574 989 1636 42.
1011 1569 1068 1647 ubi
1090 1570 1221 1634 codices
1238 1591 1296 1634 va·

240 1656 340 1722 riant.
382 1657 555 1725 Praeterea
579 1659 699 1748 legitur
719 1681 810 1724 nunc
824 1659 867 1724 ¹iu
883 1655 970 1722 libro
991 1655 1032 1722 de
1050 1655 1146 1720 Vniv.
1169 1663 1219 1720 tt.
1234 1655 1294 1720 sed

241 1763 312 1806 noa
343 1741 468 1830 liquida
499 1747 681 1832 scriptura,
724 1757 757 1810 et
780 1746 815 1810 in
845 1743 952 1810 verbis
976 1741 1074 1808 Attici
1106 1741 1195 1828 apud
1222 1742 1295 1808 Cic.

239 1821 347 1912 Epist.
370 1833 402 1912 9,
426 1837 478 1896 10.
499 1842 531 1896 et
547 1832 583 1896 in
598 1833 707 1920 Epist.
730 1837 761 1904 6,
785 1835 817 1899 9.
862 1831 976 1911 Quare
990 1848 1076 1892 nnus
1100 1837 1228 1892 tantum
1244 1827 1296 1894 vi-

239 1909 336 1979 detur
350 1911 453 2002 ipsius
470 1915 639 1984 Ciceronis
654 1917 746 1983 locus
756 1917 895 1982 Charisii
909 1913 1101 1980 testimonio
1118 1924 1211 1978 extra
1231 1911 1296 1977 du·-

239 1995 433 2068 bitationem
479 2003 583 2068 ositus
598 2027 678 2082 esse,
707 2005 764 2069 sed
788 2025 830 2068 ne
846 2001 886 2068 de
903 2023 943 2066 eo
961 1999 1094 2086 quidem
1110 2021 1154 2064 ex
1174 1999 1296 2086 deper-
1333 2045 1337 2051 -

453 2025 546 2170 iloto,
576 2091 699 2156 neoda
721 2091 877 2156 uniuerso
907 2085 1005 2152 huius
1032 2086 1206 2173 scriptoris
1231 2106 1296 2166 usu

184 2243 186 2248 ¹
238 2171 310 2238 sins
334 2173 484 2260 periculo
509 2175 654 2242 iudicare
674 2175 764 2241 licet.
806 2173 856 2240 De
877 2173 971 2238 Livio
998 2170 1107 2236 dicam
1131 2169 1287 2257 deinceps

172 2311 179 2329 .
240 2247 381 2412 Vidptur
400 2279 477 2327 usus
493 2273 612 2352 postea
631 2260 844 2344 obsolevisse,
874 2268 930 2326 aut
947 2267 1033 2342 certo
1048 2279 1119 2328 non
1134 2257 1275 2324 commu

237 2363 290 2410 nn
325 2367 421 2413 ursas.

325 2467 356 2528 1.
402 2463 545 2535 Ontnes¹
573 2464 764 2546 ¹rammatici
787 2459 1061 2550 significationem
1085 2457 1199 2524 dicunt
1221 2479 1297 2526 esse

238 2565 473 2638 nequaquam,
496 2487 590 2616 nulio
604 2551 718 2627 modo,
734 2560 832 2634 atque
848 2557 1014 2612 auctorem
1031 2543 1155 2610 hubent
1176 2545 1295 2610 Dona·

238 2635 369 2700 tamin
395 2634 510 2700 Schol.
527 2637 568 2700 ud
589 2637 729 2702 Terent.
751 2633 854 2699 Andr.
875 2639 907 2712 1,
931 2639 961 2713 1,
984 2636 1039 2697 80.
1076 2633 1119 2696 At
1140 2630 1214 2717 'ipse
1236 2631 1294 2696 hic

238 2715 389 2784 Donatus
404 2721 444 2785 od
461 2723 539 2786 Hoc.
553 2728 585 2800 8,
602 2729 634 2804 8,
648 2726 688 2787 48
705 2717 792 2785 etad
812 2726 842 2800 1,
857 2723 890 2794 2,
905 2722 957 2784 50.
974 2739 1090 2784 verum
1134 2739 1184 2780 ers
1210 2739 1295 2781 exs-

237 2813 301 2869 rnt.
343 2801 554 2907 Neutipuam
574 2802 968 2892 onimidemsignificat'‚
990 2804 1080 2890 quod
1111 2825 1167 2867 rurs
1203 2803 1296 2882 ‚id-

238 2909 303 2974 que
333 2891 459 2958 etiamsa
479 2893 601 2960 fortius
618 2904 733 2981 negot,
754 2901 877 2972 tamen,
909 2900 945 2953 nt
970 2889 1196 2978 germanicum
1218 2911 1296 2976 gar·

237 2975 333 3040 aicae
359 2979 486 3046 mitiori
505 3001 602 3044 sensu
619 2991 652 3046 et
674 2979 816 3067 quadam
846 2975 983 3048 ironica
996 2977 1028 3040 vi
1045 2975 1086 3039 de
1101 2997 1141 3039 eo
1157 2975 1294 3054 dicitnr,

157 3089 160 3099 ’
237 3063 329 3148 quod
348 3085 416 3128 non
435 3067 575 3132 nimium
594 3067 647 3132 sit.
691 3065 967 3130 VndoDonatusa
999 3061 1197 3148 neutiquam
1219 3059 1294 3126 nors

193 3191 194 3203 .
237 3157 288 3214 est
311 3150 451 3216 omniuo
474 3154 657 3254 negantis,
687 3150 749 3217 sed
774 3147 909 3238 aliquid
936 3145 1145 3212 assensionis
1165 3145 1294 3212 habet.-

236 3245 288 3299 cst
314 3235 407 3300 euim
426 3249 626 3326 aetatiquum
650 3261 720 3316 non
740 3236 855 3311 nimis,
878 3255 948 3299 aaa
966 3233 1077 3298 valde«
1123 3234 1230 3319 Atque
1245 3233 1294 3298 ita

228 3321 272 3386 'in
287 3321 455 3406 omnibus,
477 3345 560 3411 quoe
576 3334 727 3392 exstant.
745 3319 919 3408 exemplis,
944 3329 981 3383 ut
997 3319 1138 3386 reddero
1154 3319 1293 3404 quidem

163 3475 166 3480 ,
235 3407 344 3493 possis
364 3433 437 3498 gur
468 3410 582 3492 nicht,
634 3409 692 3475 sed
718 3407 881 3492 intelligas
911 3427 982 3472 non
1009 3405 1149 3472 omniuo
1181 3403 1293 3493 (quod

235 3489 346 3559 differt
369 3496 409 3560 ab
432 3495 571 3562 omuino
585 3498 688 3579 nou),
704 3517 774 3560 non
788 3492 905 3558 nimia

277 3603 279 3610 ’
337 3615 443 3670 Ennius
460 3615 531 3688 apud
547 3617 606 3670 cta.
626 3615 714 3671 Acsd.
735 3613 823 3682 nli,
846 3611 889 3666 52.
916 3611 963 3666 scd
986 3609 1053 3666 ms'isi
1069 3611 1224 3680 acastqaaaa
1246 3624 1295 3666 cor

298 3699 421 3756 camestit
437 3717 495 3755 cusas
511 3703 641 3756 ocensem
657 3704 786 3772 adspectu
820 3699 912 3754 Pisnt.
936 3695 999 3751 Mil.
1016 3695 1044 3763 δ,
1064 3695 1090 3762 1,
1107 3695 1192 3749 tta·
1213 3695 1293 3751 aaa·

301 3785 412 3854 capillus
425 3787 467 3840 iaie
481 3787 592 3854 uidetur,
607 3787 759 3858 neutiquam
776 3785 882 3854 ingenio
896 3789 934 3836 est
947 3799 1028 3836 scara
1063 3781 1147 3836 Poen.
1160 3781 1187 3846 1,
1201 3781 1229 3845 1,
1245 3779 1293 3836 tl.

302 3871 408 3923 aaran
417 3873 523 3926 -sias
537 3875 631 3928 dossas
646 3890 746 3943 magno
755 3868 1043 3940 praecluiuoutipuass
1058 3866 1151 3938 pacat.
1174 3865 1293 3920 Terent.

302 3955 451 4024 liconti,
471 3957 498 4025 0,
516 3955 577 4010 110.
610 3963 767 4026 quamopter
782 3955 849 4007 icccc
869 3967 911 4006 set
934 3953 1086 4022 neutiquam
1104 3951 1228 4021 neglecta
1251 3957 1293 4007 est

303 4043 377 4095 atti.
411 4043 481 4096 lieo.
497 4042 525 4106 Β,
542 4039 569 4106 8,
586 4037 631 4098 03.
649 4043 678 4094 id
697 4033 755 4092 osso
771 4037 924 4106 neutiquam
945 4035 1080 4091 inaestuas
1097 4053 1152 4090 esse
1167 4035 1290 4089 arbitror.

301 4125 386 4183 Andr.
404 4125 530 4194 2‚1,ou.
549 4123 605 4180 Cic.
623 4126 657 4178 do
676 4123 755 4177 Vniv.
772 4123 814 4176 lt.
827 4123 872 4177 ssd
889 4123 1011 4192 ᾳιιοπὲαηι
1024 4121 1077 4175 orti
1096 4121 1166 4185 estis,
1180 4121 1291 4173 immor-

300 4214 368 4272 tata
388 4231 433 4272 aot
454 4215 557 4287 aaran
581 4221 635 4271 otta
662 4219 686 4268 ot
708 4207 896 4267 indissolubiles
917 4223 969 4264 soa
986 4207 1111 4280 patritias
1135 4206 1291 4276 neutiquam
