2854 4750
409 357 412 360 ·
507 334 607 408 nac.
647 339 812 424 unove,
893 376 898 381 -
1148 351 1191 413 as

114 516 166 573 *ct
189 527 327 595 saepen
344 507 570 595 scriptoribus
591 509 690 576 etiam
713 521 915 578 commutata
938 525 1025 581 sunt.
1078 515 1192 597 Quare
1285 527 1289 547 ¹

132 593 343 679 grammatici
365 591 500 679 plurimi
514 607 643 660 tantum
664 598 705 661 a'd
726 597 873 663 formam
893 613 1114 688 respexerunt
1137 613 1190 667 at*

133 702 198 765 que
226 679 432 757 docuerunt,
461 693 537 746 ante
568 683 716 747 vocalem
738 705 864 770 neque,
896 695 973 750 ante
996 710 1189 754 consonan-
1263 733 1265 744 .

131 777 200 830 tem
218 788 280 829 nec
296 765 398 852 poni:
424 765 478 830 alii
497 790 576 832 vero
593 769 697 856 magis
722 779 833 852 caute,
856 780 998 836 necnon
1016 775 1097 860 poni
1115 786 1191 838 autc

132 850 295 917 vocalem.
352 847 400 912 Ita
423 853 604 921 Hermann.
635 855 668 916 in
695 853 799 940 praef.
830 855 870 918 ad
901 857 1007 922 Plauti
1033 858 1197 924 Trinum.
1225 927 1229 932 ,

132 962 168 1026 p.
188 941 255 1002 -14.
292 933 500 1022 repugnante
531 939 718 1004 Henuickio
748 943 783 1003 in
813 939 1027 1026 Ephemerid.
1063 943 1190 1012 tenena.

120 1026 231 1089 «1805.
253 1021 348 1088 T.,3.
367 1027 490 1107 pa579.
534 1025 696 1089 Obbarius
713 1027 745 1090 in
763 1023 868 1091 lahnii
885 1027 1001 1093 Annal.
1018 1029 1191 1116 Supplem.

132 1109 176 1174 T.
203 1115 234 1174 1.
264 1131 298 1196 p.
320 1111 395 1172 402.
454 1111 517 1175 Alii
550 1121 724 1199 poetarum
756 1111 959 1198 interpretes
978 1116 1012 1178 in
1035 1117 1191 1180 varietate

127 1195 323 1262 'formarum
364 1195 556 1280 elegantiam
590 1197 769 1283 quamdam
805 1199 997 1285 cognovisse
1038 1201 1100 1265 sibi
1131 1202 1191 1266 visi
1265 1263 1270 1273 ,

131 1291 223 1346 sunt.
265 1277 316 1342 Gt.
334 1277 473 1346 Baebius
491 1282 531 1363 ad
545 1282 635 1369 Eleg.
651 1306 740 1348 rom.
764 1305 794 1370 p.
812 1287 865 1348 94.
908 1285 987 1348 Post
1001 1284 1190 1356 Lachman-

129 1389 229 1440 num,
248 1365 305 1452 qui
323 1365 408 1430 dixit
423 1367 541 1432 dehac
556 1390 593 1432 rc
610 1367 811 1456 ad'Prope'rt.
822 1371 853 1448 5,
869 1369 900 1444 5,
918 1373 972 1435 50.
997 1371 1189 1458 Wagnerus

130 1456 167 1518 in
193 1453 327 1534 Quaest.
350 1451 468 1540 Virgil.
491 1459 545 1518 52.
571 1477 604 1542 p.
621 1453 694 1519 525.
716 1476 836 1540 magna
860 1477 936 1521 cum
964 1456 1135 1544 diligentia
1157 1467 1192 1522 ct

130 1539 258 1624 ingenii
275 1537 447 1624 sagacitate
470 1559 566 1603 usum
586 1539 711 1628 Virgilii
736 1550 768 1604 et
782 1541 953 1606 Ciceronis
969 1542 1002 1606 in
1027 1543 1118 1608 libris
1141 1543 1191 1608 rei
1281 1539 1285 1550 “

127 1624 288 1714 'publicae
304 1625 510 1712 investigavit.
526 1633 623 1711 atque
641 1635 817 1714 praecepta
841 1626 986 1692 confecit
1005 1625 1105 1694 haec:
1129 1651 1192 1694 nec

132 1711 256 1777 fortius
274 1719 307 1773 et
325 1713 454 1796 gravius
484 1733 570 1790 csse,
592 1730 698 1798 neptae
723 1712 857 1776 mollius
884 1723 915 1776 et
936 1713 1062 1778 leniusa
1083 1707 1190 1802 neque

132 1796 275 1862 similius
301 1811 370 1858 ess'c
395 1796 583 1884 germanico
614 1796 687 1862 rand
718 1797 830 1879 nicht,
868 1799 955 1862 aucla
990 1799 1101 1880 nicht,
1129 1823 1192 1864 nec

131 1883 239 1968 magis
255 1883 456 1964 respondere
474 1881 633 1946 vocabulo
655 1884 760 1947 nacla:
781 1893 814 1947 et
837 1905 942 1970 quum
963 1905 1065 1949 sonus
1088 1887 1191 1972 parti·

133 1969 227 2034 culae
244 1967 362 2031 durior
381 1979 537 2055 sequente
555 1968 661 2032 vocali
684 1969 813 2054 gravius
834 1969 874 2032 ad
900 1991 995 2034 aures
1020 1969 1191 2052 accideret,

132 2054 318 2144 praelatam
339 2075 408 2118 esse
424 2064 499 2118 ante
517 2054 665 2118 vocalem
691 2053 882 2121 molliorem
906 2054 1052 2120 formam
1074 2079 1191 2143 neque,

133 2163 219 2228 quac
243 2149 318 2203 ante
341 2161 523 2204 consonam
548 2141 656 2226 posita
691 2140 790 2203 etiam
819 2139 1007 2204 orationem
1037 2141 1192 2206 redderet
1283 2155 1288 2166 ’

132 2227 316 2293 leniorem:
341 2249 437 2314 saepe
453 2235 584 2305 tamen,
606 2225 664 2289 ubi
678 2247 730 2288 res
746 2223 868 2302 ferret,
891 2225 1037 2290 autsoni
1058 2227 1191 2290 suavio-
1238 2233 1261 2241 ”

133 2314 179 2379 ris
203 2333 302 2376 causa
335 2333 408 2376 eam
431 2311 577 2377 formam
609 2309 787 2376 admissam
816 2331 904 2392 esse,
941 2331 1024 2396 quae
1048 2312 1192 2377 orationi

133 2421 205 2466 nou
226 2399 437 2476 conveniret,
462 2408 518 2462 aut
533 2397 711 2460 sententiae
726 2395 845 2480 gratia,
871 2417 952 2482 quae
971 2418 1191 2464 numerorum
1225 2465 1227 2469 ,

133 2485 316 2571 elegantiae
331 2506 402 2546 non
418 2483 514 2571 plane
538 2490 754 2570 congrueret:
775 2480 917 2568 denique
936 2484 1075 2570 exponit
1101 2483 1192 2571 apud

135 2573 332 2636 Ciceronem
350 2569 438 2633 illam
458 2569 621 2633 rationem
639 2567 852 2632 vocalium'et
881 2589 1105 2633 consonarum
1129 2591 1193 2658 pa-

133 2679 212 2723 rum
229 2666 285 2721 aut
299 2655 384 2720 nihil
403 2655 526 2732 valere,
549 2654 605 2718 sed
624 2675 724 2718 omne
741 2653 917 2718 discrimen
934 2655 966 2718 iu
985 2655 1016 2720 vi
1037 2677 1075 2718 ac
1088 2655 1194 2740 sigui·

133 2742 291 2808 ticatioue
312 2743 456 2828 positum
474 2764 561 2806 csse:
586 2741 621 2806 in
639 2739 835 2826 geminanda
853 2740 1010 2827 particula
1028 2741 1194 2806 maiorem

118 2831 203 2895 ‘vim
233 2829 379 2916 exprimi
405 2849 466 2914 per
489 2849 568 2905 nec,
599 2847 698 2912 quam
723 2847 784 2912 per
804 2843 925 2914 neque,
956 2829 1008 2892 cui
1030 2827 1064 2890 in
1091 2826 1194 2892 altera

134 2939 158 3003 p
182 2925 231 2979 rte
249 2911 440 3000 saepissim'e
455 2923 647 3001 opponatur
663 2935 743 2976 nec:
761 2910 838 2994 hinc
851 2935 960 2990 necs-
971 2935 1033 2978 nec
1049 2924 1220 2999 respon-s

135 2940 215 3066 nire
232 3001 357 3086 graecis
375 2997 444 3062 odae
459 3031 502 3048 --
518 2995 604 3062 cire:
632 3007 747 3062 contra
762 2995 820 3060 ubi
836 3021 905 3062 non
921 3007 976 3061 aut
1000 2999 1061 3064 alia
1075 2998 1194 3062 lenior

52 3130 58 3138 ,
132 3088 267 3174 negatio
292 3085 487 3173 praecedat,
509 3105 642 3170 semper
665 3085 747 3172 poni
766 3100 872 3170 neque
896 3083 1001 3148 vocali
1025 3094 1194 3169 sequente,
1228 3139 1230 3146 .

118 3174 169 3237 'iu
185 3171 333 3258 graviori
354 3181 549 3258 argumento
562 3171 659 3234 etiam
676 3178 750 3233 aute
766 3169 914 3234 vocalem
931 3192 1013 3233 arec.-
1038 3168 1096 3234 ubi
1112 3191 1192 3235 vero
1235 3240 1241 3246 ¹

133 3282 197 3324 nec
220 3259 255 3322 in
283 3259 444 3322 enuntiati
467 3257 633 3344 principio
656 3254 856 3319 collocatum
893 3253 1092 3340 adiungendi
1123 3254 1196 3318 viru

133 3345 272 3422 habeat,
306 3340 353 3409 ibi
379 3365 443 3428 pro
469 3342 570 3406 altero
594 3363 656 3406 nec
679 3339 778 3404 scribi
800 3343 897 3405 ctiam
919 3361 1035 3427 neque.
1079 3337 1116 3402 In
1140 3337 1192 3403 his

94 3447 98 3455 “
134 3429 320 3494 admodum
344 3427 506 3492 subtiliter
529 3427 701 3528 disputatis
726 3422 808 3490 duae
833 3436 911 3490 sunt
934 3447 1007 3504 res,
1030 3445 1112 3510 quae
1136 3440 1193 3489 me

133 3514 327 3592 offendunt.
372 3514 520 3578 Primum
543 3535 631 3578 emm
648 3511 781 3598 gravior
798 3510 855 3576 illa
875 3519 907 3575 et
922 3507 1002 3574 haec
1019 3509 1128 3575 lenior
1142 3510 1193 3575 vis

133 3623 208 3666 non
233 3621 274 3664 ex
298 3603 415 3685 nalnra
461 3599 612 3664 articulae
638 3597 830 3677 deducitur,
859 3617 920 3660 nec
944 3618 987 3660 ex
1004 3596 1192 3688 ¹sententia·

133 3703 215 3752 rum
235 3686 366 3750 ratione
392 3623 577 3772 coiiigitur‚
615 3683 693 3765 sed,
726 3696 830 3770 quum
860 3679 967 3746 adsint
998 3671 1192 3768 particulae,

133 3772 307 3850 sententiis
324 3769 532 3850 attribuitutt
555 3787 656 3856 quare
674 3767 787 3836 omnia
803 3769 913 3858 posita
932 3777 1007 3830 sunt
1033 3769 1067 3830 in
1093 3789 1193 3856 prac-

134 3866 271 3945 sumpta
282 3855 453 3944 opinione,
469 3869 529 3944 per'
544 3877 605 3922 nec
637 3855 799 3930 raviorem
812 3853 954 3941 exprimi
969 3855 1192 3940 negationem,
1288 3887 1291 3903 ·

135 3963 221 4030 quae
237 3940 309 4029 ipsa
329 3952 399 4011 crat
414 3879 641 4017 constituentia
658 3941 869 4026 argumentis.
899 3938 1027 4004 Deinde
1041 3939 1193 4026 Wagne-

133 4047 212 4104 rus,
237 4038 275 4092 ut
299 4025 540 4094 demonstraret
561 4027 747 4116 graviorem
769 4025 862 4091 illam
884 4025 977 4103 vim,
1000 4023 1108 4107 attulit
1133 4043 1192 4089 ex-

137 4113 269 4204 empla,
298 4113 475 4204 inquibus
497 4132 558 4204 per
573 4135 696 4181 nee—
711 4111 781 4180 sed·
796 4126 847 4178 res
871 4117 1100 4200 opponuntur.
1149 4109 1192 4172 tt
