2876 4752
234 280 301 398 ese
617 347 621 358 ·
712 321 814 390 wruse

233 492 400 584 loquendi
422 489 579 560 formulis
601 498 744 558 utuntur
768 488 877 556 Lctini
900 488 941 554 cd
965 488 1218 579 significandam
1231 513 1296 560 ex-

210 583 436 671 ceptionem,
461 601 525 665 quc
542 577 587 658 id,
607 579 698 664 quod
720 587 816 655 cutes
839 577 1203 654 decemoctorum
1225 580 1297 644 tol-

234 669 326 748 litur,
351 667 409 730 sed
434 665 558 751 uliquid
584 665 786 750 opponitur,
817 662 908 750 quod
938 662 1130 748 primarium
1157 678 1297 730 senten-

236 756 316 820 ticm
335 754 446 839 aliquo
463 750 567 814 modo
585 749 778 816 moderetur
795 760 851 816 cut
866 759 1025 815 coerceat.
1052 751 1152 816 Cuius
1171 752 1297 818 dictio-

235 842 288 906 nis
308 861 419 926 caussa
442 859 512 912 non
543 858 678 922 semper
694 845 743 900 est
764 833 799 900 in
816 833 975 898 modestis
998 837 1170 924 scriptoris
1189 861 1297 928 quoe-

234 925 358 1004 rendc‚
384 944 492 1010 nequo
516 923 550 986 iu
582 922 654 986 uisi
677 919 760 1009 qrrs'u
794 919 1030 1007 indignationis
1053 925 1183 1008 signum
1213 949 1298 990 con-

235 1012 392 1100 spicitur,
444 1007 535 1096 quod
563 1007 746 1092 Herzogius
770 1005 940 1094 opinatur.
991 1007 1159 1073 Differunt
1185 1024 1297 1076 cutem

138 1131 143 1138 r
235 1097 306 1164 nisi
329 1093 429 1185 quod,
451 1093 522 1159 nisi
544 1093 637 1179 quic,
654 1095 725 1158 nisi
756 1115 858 1179 quum
880 1114 898 1156 a
919 1091 1063 1185 simplici
1089 1095 1160 1160 nisi
1180 1099 1297 1186 singu-

123 1223 126 1233 ι
235 1183 314 1250 loris
339 1181 476 1246 rationis
506 1180 559 1244 vel
582 1201 713 1243 caussae
738 1179 1133 1265 veltemporrsnomine.
1194 1184 1298 1266 Queri

162 1268 166 1277 ‘
234 1268 331 1336 reddi
350 1275 458 1356 potest
479 1288 540 1354 per
559 1261 754 1364 inwiefern.
798 1265 883 1329 Sunt
901 1271 979 1327 v'ero
1004 1267 1062 1350 qui
1080 1270 1311 1356 praecipient,·

234 1377 369 1443 semper
392 1352 589 1438 praecedere
610 1361 794 1440 negativam
810 1349 1021 1414 sententium.
1040 1351 1043 1366 '
1065 1353 1100 1417 td
1124 1377 1185 1419 nec
1208 1358 1295 1421 rctio
1408 1398 1413 1406 .

234 1441 303 1508 niis
326 1438 523 1515 confirmet,
570 1459 632 1503 nec
665 1439 786 1503 desunt
816 1435 972 1526 'exemplo
1006 1436 1188 1506 offirmatus
1216 1465 1296 1508 sen-

233 1528 367 1596 tentiae.

337 1628 425 1681 Vsrrc
440 1625 475 1680 de
494 1622 576 1694 [sing.
591 1625 639 1676 ist.
655 1621 683 1704 5,
696 1621 724 1675 2.
743 1621 784 1690 (ii,
809 1621 850 1692 2.)
876 1625 945 1693 qued
966 1631 1050 1689 nocet,
1064 1643 1131 1680 nos.-
1155 1629 1206 1682 nisi
1226 1631 1297 1699 puori

302 1731 399 1788 gruere
418 1707 471 1778 νύξ
490 1729 550 1765 nce.
585 1709 678 1774 Pleni.
696 1707 777 1776 (ispi.
796 1708 822 1775 2,
838 1710 864 1776 3,
879 1709 923 1762 34.
940 1729 1005 1764 nom
1019 1713 1145 1778 equidem,
1161 1716 1213 1766 nisi
1227 1718 1297 1786 quod

304 1801 435 1856 custodem
456 1797 547 1860 iubeo,
571 1795 682 1847 liberum
703 1811 746 1846 me
768 1811 823 1848 esse
845 1798 968 1850 arbitror.
1002 1795 1061 1853 cic.
1084 1797 1118 1848 ud
1144 1797 1200 1852 Art.
1217 1799 1245 1866 2,
1268 1803 1296 1854 l.

302 1885 477 1940 dissertionum
500 1885 524 1934 et
545 1879 734 1948 Pompeianum
754 1881 830 1932 cctde
851 1897 893 1934 me
915 1881 1058 1934 delectante
1088 1883 1142 1935 nisi
1161 1887 1231 1952 quod
1252 1901 1297 1940 ms
1349 1877 1352 1881 ’

301 1951 378 2025 ilium
400 1971 488 2038 ipsum
509 1965 639 2018 vindicem
660 1964 729 2016 ueris
752 1965 843 2030 alieni,
869 1983 931 2018 cere
951 1983 1002 2018 nors
1022 1967 1166 2032 corinthio,
1184 1971 1229 2022 sed
1248 1971 1296 2024 iscc

181 2061 184 2074 '
299 2057 503 2122 circumforaneo
522 2051 670 2102 circenmt.
707 2046 788 2100 Ovid.
808 2049 878 2103 Her.
896 2050 942 2114 18,
958 2050 1003 2103 11.
1028 2054 1198 2106 adscensurus
1213 2071 1295 2120 mem,

301 2142 353 2196 cisi
369 2140 447 2210 quod,
462 2153 541 2206 quum
555 2135 659 2187 cincuic
670 2152 767 2204 prorue
780 2135 902 2202 ecivmet,
923 2137 952 2190 ic
966 2137 1076 2207 speretis
1089 2138 1172 2190 omnis
1191 2139 1296 2208 Abydos
1324 2185 1329 2202 ,

301 2233 370 2283 erat.
405 2222 508 2276 Abesse
530 2224 640 2288 poterut
655 2221 739 2288 qnod:

337 2309 450 2364 Sallust.
466 2306 528 2376 Ing.
550 2303 594 2370 61,
609 2304 635 2358 8.
653 2306 683 2358 id
700 2303 908 2358 misericordiane
922 2303 1042 2375 hospitis,
1060 2321 1098 2356 crs
1112 2307 1232 2374 poetisne
1248 2317 1295 2363 aut

300 2397 422 2452 ensuite
444 2393 566 2455 evenerit,
588 2407 684 2459 porum
707 2391 886 2460 comperimus,
911 2389 978 2456 nisi,
1017 2390 1079 2458 quia
1101 2391 1142 2444 itii
1164 2394 1194 2444 irs
1216 2401 1296 2448 tacte

187 2474 190 2482 ’
300 2483 373 2537 maio
386 2481 471 2549 turpis
484 2480 541 2531 citu
554 2478 660 2544 integra
669 2468 759 2541 Jamc'
770 2476 859 2544 potior
866 2476 942 2540 suit,
972 2475 1105 2544 improbus
1124 2475 1294 2532 tuterratitu-

302 2585 352 2636 que
367 2566 481 2618 videtur.
515 2559 547 2614 In
569 2577 622 2627 quc
639 2561 701 2612 ioco
723 2557 815 2612 critici
835 2559 940 2612 irustru
961 2559 1133 2624 luborabunt,
1164 2568 1195 2616 nt
1216 2579 1300 2620 mern,

302 2659 374 2714 cern,
391 2665 462 2717 ques
486 2645 546 2700 vise
570 2650 648 2710 erut,
681 2643 834 2698 cretionem
857 2644 1011 2716 explerent.
1045 2645 1096 2698 Est
1117 2663 1183 2702 sero
1204 2648 1293 2704 hoece

301 2751 338 2789 un
355 2751 420 2788 cusu
442 2733 484 2786 its
506 2729 640 2796 escuerii,
666 2743 765 2798 perum
784 2730 987 2797 comperierunt
1015 2727 1069 2782 ison
1088 2749 1195 2801 purum,
1218 2733 1242 2788 si
1257 2763 1293 2775 -

300 2821 443 2890 improbus
458 2817 584 2870 videtur:
610 2817 664 2868 hcc
682 2817 741 2880 est,'
756 2823 870 2883 excepto
892 2805 934 2880 cc,
958 2814 1030 2882 qnod
1051 2815 1194 2884 improbus
1214 2818 1295 2872 side·

302 2917 357 2964 tur.
394 2903 488 2959 Tacit.
505 2907 574 2956 dun.
593 2899 638 2967 14,
661 2899 705 2952 14.
725 2909 797 2956 nctus
817 2918 916 2970 quoqne
933 2901 1032 2968 equites
1052 2901 1177 2956 romanos
1198 2903 1293 2974 operu's

301 3008 400 3048 cresce
411 2990 564 3066 promittere
577 2988 682 3068 subegit
698 2987 773 3040 dorsis
789 2987 957 3057 ingentibus,
978 2986 1031 3038 cisi
1049 2989 1117 3055 quod
1144 3006 1239 3042 meroes
1259 2990 1293 3044 ub

299 3097 346 3147 ec,
364 3076 409 3147 qni
424 3075 510 3130 irrisere
533 3081 636 3143 potest,
662 3073 715 3126 cim
736 3073 893 3134 necessitatis
914 3073 1004 3140 affert.
1033 3069 1053 3124 i.
1075 3089 1100 3124 c.
1122 3073 1176 3126 hoc
1199 3073 1292 3130 tumen

300 3181 356 3219 ncn
370 3163 492 3225 constet,
513 3141 600 3227 qnnin
619 3163 798 3226 reputemus,
823 3156 895 3226 qnod
911 3183 946 3196 -
961 3153 1061 3210 effert:
1078 3156 1098 3217 i.
1116 3174 1142 3210 o.
1161 3177 1223 3212 cnm
1239 3160 1293 3215 hue

297 3246 473 3316 exceptione.
508 3243 580 3298 Plin.
606 3243 675 3296 Pen.
691 3242 736 3308 86,
760 3241 787 3296 it.
815 3251 841 3301 et
858 3241 981 3309 jecisset,
999 3241 1052 3294 nisi
1073 3243 1144 3312 qnod
1156 3261 1220 3314 pene
1233 3245 1292 3316 ipsc

299 3332 468 3392 sarmiento
489 3330 615 3400 principis
629 3329 732 3396 feticius
754 3329 942 3395 iucundicsque
968 3333 1005 3380 est
1020 3328 1168 3382 desiderare
1188 3330 1292 3399 princi·

298 3418 569 3494 pemdesiderentem.
586 3411 678 3466 Tacit.
688 3413 755 3482 dgr.
770 3410 797 3465 u.
812 3413 931 3466 eicerent
942 3413 1013 3466 miro
1027 3415 1166 3466 eoncordia
1177 3433 1225 3484 per
1232 3433 1292 3470 mu·

277 3553 279 3559 ,
299 3515 370 3562 tucn
388 3504 522 3556 caritatem
533 3508 558 3554 et
572 3499 682 3554 invicem
695 3515 723 3550 se
738 3498 922 3567 anteponendo,
936 3497 989 3550 nisi
1002 3499 1071 3566 qnod
1086 3499 1115 3550 irs
1129 3500 1197 3550 bcca
1210 3519 1292 3556 ‚crore

301 3597 378 3645 tcntc
397 3589 482 3642 maior
497 3587 555 3638 icus
572 3599 652 3652 quam
669 3584 695 3635 in
709 3584 784 3636 mctc
801 3583 864 3653 pius
877 3581 971 3651 ecipce
987 3590 1035 3642 est.
1065 3581 1204 3636 Dronkics
1219 3585 1291 3640 bene

301 3672 431 3742 exposuit
455 3667 605 3724 sententio·
621 3665 782 3735 scriptoris,
812 3683 867 3719 non
891 3682 987 3720 eurum
1010 3683 1129 3724 nexum:
1154 3669 1204 3721 sed
1219 3669 1310 3742 quot,

301 3755 461 3826 Berecgics
477 3754 614 3809 sotionem
630 3751 739 3822 quaerit
765 3749 794 3804 in
816 3767 850 3806 es
870 3749 1057 3822 necestitate,
1084 3769 1139 3820 qne
1159 3752 1292 3822 Agricola

303 3843 417 3910 eiusque
434 3857 504 3894 nxcr
519 3838 693 3892 concordiens
710 3836 829 3890 coluisse
846 3837 983 3902 dicentur,
1010 3836 1039 3890 id
1065 3837 1137 3892 mitri
1158 3855 1176 3892 e
1196 3839 1291 3894 verbis

301 3925 501 3995 ipsisciienuns
511 3924 640 3978 videtur..
664 3923 782 3978 Dixerat
796 3921 912 3978 Tacitus
927 3923 1021 3976 miram
1037 3923 1221 3990 concordiem,
1237 3925 1291 3978 sd-

302 4013 399 4082 ditque
417 4010 469 4064 itu
481 4009 569 4062 verbs
580 4025 614 4062 co
629 4007 763 4072 consilio,
781 4012 813 4060 nt
828 4025 954 4064 muscum
969 4006 1161 4062 admirationis
1176 4009 1292 4066 minuet-

300 4097 353 4154 Ett
369 4095 444 4152 mim
461 4093 595 4150 metentis
616 4095 704 4150 hsecr
730 4092 779 4146 set
807 4111 860 4147 son
881 4093 983 4148 mirum
1006 4092 1123 4160 dixerim
1145 4095 1291 4166 utriusque

305 4181 430 4254 coniugis
445 4179 638 4248 mummium.
653 4175 797 4248 secus,
814 4177 889 4250 qued
905 4183 961 4234 etc.
1085 4169 1088 4180 ’
