2876 4752
250 343 317 414 256
729 335 838 404 ΝΟΝ.

252 509 446 601 quaestione
464 515 596 574 exortus
618 508 664 572 ite
686 519 891 596 componere
913 516 1052 574 ecnctm
1073 516 1134 590 est,
1154 519 1191 574 ut
1213 509 1308 578 dice-

251 611 303 665 ret
330 619 400 662 non
430 616 502 658 esse
528 596 742 679 negotionem
770 595 989 673 obiecturum,
1026 616 1111 681 quoe
1136 619 1208 662 rem
1235 621 1308 664 esso

249 695 367 771 neget,
395 680 493 746 bared
516 683 728 766 negationem
753 682 988 759 subiectum,
1028 681 1168 766 quaein
1192 685 1305 749 uuimo

143 785 144 792 ’
240 775 318 838 sive
340 771 373 834 in
393 770 554 833 sententio
577 767 786 852 loquentium
810 769 869 832 situ
894 768 948 830 sit.
988 766 1064 830 Hoc
1095 789 1173 832 vero
1204 793 1307 856 prae.

250 869 385 945 eeptum
415 853 454 918 ud
484 853 577 916 illum
610 854 774 918 rutionem
804 853 968 940 pertinet,
1006 874 1071 938 quo
1095 858 1305 940 grammatici

248 943 371 1010 multus
395 939 573 1004 verberum
596 935 722 1002 formos
745 939 946 1024 distinguere
966 937 1094 1016 solent,
1132 962 1202 1004 non
1225 945 1304 1008 sutis

248 1031 290 1096 cd
313 1027 463 1092 animum
483 1023 566 1088 ittud
588 1036 791 1101 revocantes,
814 1024 905 1112 quod
934 1025 969 1088 in
1004 1024 1112 1089 verbis
1142 1027 1303 1093 subiecti-

246 1138 326 1181 vum
349 1125 438 1176 reete
453 1110 616 1197 appellari
632 1111 748 1196 possit.
791 1111 911 1174 Omnis
928 1109 1016 1174 enim
1041 1105 1174 1198 negetio
1191 1111 1227 1176 fit
1243 1135 1303 1177 co-

137 1249 141 1257 f
247 1201 416 1290 guatinas,
436 1217 501 1283 quo
516 1195 647 1260 toltitur
663 1199 756 1261 notio
777 1196 903 1294 ulique,
926 1213 1039 1294 neque·
1053 1197 1096 1277 id,
1121 1199 1212 1282 quod
1231 1223 1302 1265 non

247 1293 317 1352 ess'e
335 1285 467 1360 dicitur,
498 1303 636 1367 usquam
657 1292 794 1369 opperet
811 1304 843 1345 ru
861 1282 960 1345 rebus
976 1282 1075 1368 ipsis,
1097 1283 1155 1347 sed
1178 1285 1216 1348 its
1240 1309 1302 1350 co·

245 1372 380 1460 gituudo
401 1367 576 1432 tribuiturr
603 1389 704 1451 quere
725 1369 752 1432 si
774 1367 854 1454 quid
878 1369 1096 1432 subjectivum
1127 1371 1162 1434 in
1196 1393 1302 1458 uege-

238 1462 337 1522 .tione
366 1455 579 1538 conspicitur,
596 1453 677 1520 ittud
708 1465 775 1532 est,
807 1454 899 1539 quod
929 1476 972 1518 ne
1003 1475 1077 1516 curn
1100 1455 1145 1517 im
1175 1459 1298 1522 erotivo

244 1547 365 1609 dicitur
387 1533 590 1606 roluu'totem
613 1539 779 1604 indicens:
805 1551 915 1604 temen
937 1561 1122 1626 numquam
1141 1479 1239 1606 duod
1254 1543 1301 1608 itu
1329 1535 1333 1542 ’

244 1628 461 1716 componitur
487 1648 563 1688 cum
587 1624 701 1690 verbo.
736 1625 923 1690 Dicendum
955 1635 1024 1690 erut
1056 1637 1094 1689 ut
1126 1650 1195 1690 oon
1216 1649 1300 1716 sup-

158 1739 161 1747 ·
271 1739 357 1780 resse
380 1712 616 1775 coniunctione
636 1709 709 1775 fieri
736 1735 789 1780 ne,
821 1721 920 1796 utque
947 1712 992 1774 itu
1022 1710 1198 1796 significari
1229 1716 1300 1778 tol·
1384 1737 1387 1746 ¹

184 1853 186 1856 -
240 1741 373 1868 budam
396 1801 553 1863 essentiae
579 1798 761 1860 notionem.
809 1796 875 1861 Sed
896 1820 965 1860 non
984 1798 1178 1884 simpliciter
1199 1809 1299 1888 neget

188 1959 193 1970 .
242 1899 274 1954 ct
303 1887 481 1950 notionem
513 1883 601 1947 toltit
624 1884 658 1946 in
679 1882 820 1960 iudiciis,
848 1905 930 1968 quoe
957 1883 1005 1947 vel
1026 1885 1059 1947 τὰ
1084 1881 1159 1948 εἶναι
1186 1886 1237 1948 vel
1261 1886 1296 1952 τό

239 1999 269 2040 τι
295 1969 372 2038 εἶναι
394 1979 557 2056 spectent.
602 1969 689 2034 Num
713 1991 797 2054 quoe
818 1969 985 2033 subtiliori
1007 1969 1148 2054 quadum
1167 1971 1297 2037 retionc

240 2055 470 2146 distinguendo
493 2066 597 2126 erent.
617 2054 776 2141 loquendi
801 2075 878 2123 usus
902 2077 973 2118 uno
1008 2054 1170 2123 vocabulo
1200 2079 1298 2123 com-

232 2144 476 2236 ‚prebendebub
522 2142 604 2206 Vide
627 2163 659 2229 p.
681 2145 736 2206 29.

322 2272 348 2338 Ι.
374 2279 403 2336 1.
427 2267 516 2348 Non,
541 2268 641 2354 quod,
669 2289 772 2354 quum
789 2268 903 2333 'iudicii
940 2267 983 2331 sit
1011 2267 1179 2353 porticulo,
1209 2291 1295 2356 pro-

236 2358 311 2448 prie
334 2357 484 2423 adiicitur
504 2355 621 2434 verbis,
645 2357 744 2419 etium
768 2375 844 2418 curn
868 2353 1032 2418 o'diectivis
1067 2364 1100 2416 et
1130 2355 1292 2422 adverbiis
1328 2427 1330 2430 ,

237 2445 454 2532 componitur
471 2444 525 2521 ito,
548 2451 585 2504 ut
600 2442 698 2505 unius
715 2442 863 2506 nominis
880 2441 1053 2504 notionem
1069 2441 1180 2506 tollet:
1200 2444 1290 2527 quod

126 2579 128 2586 s
238 2533 353 2596 Graeci
375 2551 437 2619 per
468 2525 509 2612 μή
539 2526 699 2608 efficiunt.
747 2528 860 2606 Quare
892 2526 1014 2589 dieitur
1043 2549 1141 2614 saepe
1170 2529 1292 2594 eodem

235 2617 351 2696 modo,
383 2637 452 2702 quo
482 2616 619 2678 nomino
649 2635 724 2676 utrm
760 2612 918 2696 negativis
943 2611 1109 2698 particulis
1134 2613 1172 2677 in.
1196 2625 1229 2678 et
1247 2639 1292 2680 ne

236 2703 434 2789 compositu.
487 2701 540 2763 Sic
570 2705 774 2762 non'sunus
805 2699 894 2763 idem
932 2707 981 2761 est
1012 2699 1103 2783 quod
1133 2699 1290 2783 insonus,

233 2787 303 2854 >zon
326 2787 421 2851 docti
439 2784 528 2848 idem
548 2784 637 2870 quod
653 2783 812 2864 indocti,
838 2783 933 2846 sicuti
956 2805 1026 2847 non
1044 2785 1116 2848 scio
1140 2807 1203 2870 pro
1225 2809 1290 2850 ae·-

231 2875 314 2951 eoio,
336 2897 405 2938 non
429 2893 511 2968 queo
546 2891 609 2957 pro
641 2893 767 2958 nequeo
793 2873 941 2957 ponitur.
995 2866 1047 2934 Cf·
1078 2869 1217 2935 Bentlei.
1247 2873 1288 2937 ud

231 2959 349 3024 Horat.
381 2958 548 3046 Epioe,
579 2962 610 3034 2,
633 2960 686 3021 80.
715 2956 900 3020 Burmann.
936 2954 976 3018 ud
1004 2955 1128 3020 Lueon.
1153 2961 1185 3031 8,
1214 2961 1287 3026 156.

230 3043 420 3130 Hottinger.
451 3041 491 3106 od
521 3043 590 3107 Cic.
621 3042 661 3106 de
692 3041 766 3106 Diu.
795 3048 826 3116 2,
851 3047 889 3114 9.
919 3047 973 3105 22.
1004 3041 1111 3126 Atque
1136 3044 1287 3128 penurie,

230 3151 295 3216 quo
312 3131 413 3195 letina
432 3127 544 3215 lingua
567 3128 707 3204 laboret,
722 3130 896 3194 nominum
913 3129 1179 3213 compositorum
1196 3128 1287 3193 heud

228 3237 307 3281 roro
330 3213 371 3280 cd
396 3213 630 3279 obscuritatem
652 3214 819 3301 perducit,
840 3224 877 3276 ut
906 3211 993 3298 opud
1023 3212 1126 3277 Rutil.
1152 3214 1286 3302 Lupum

229 3309 260 3380 1,
279 3308 312 3367 7.
333 3303 450 3402 itaque
467 3301 568 3364 unius
584 3322 691 3386 opero
707 3321 786 3363 mee
813 3321 882 3364 non
903 3299 1049 3362 citatum
1072 3297 1197 3362 bellum
1214 3325 1286 3366 noro

198 3443 199 3446 ,
226 3409 458 3454 necessarium
488 3387 597 3456 scitis
651 3385 721 3449 Nos
759 3385 899 3448 dicimus
936 3383 1036 3448 einen
1071 3387 1284 3474 unndtbigen

226 3471 349 3562 Krieg.
394 3475 550 3559 Caussam
571 3493 661 3549 vero,
681 3493 741 3535 cur
765 3471 880 3534 Cicero
904 3491 978 3532 eum
1000 3469 1178 3554 adiectiris,
1198 3494 1283 3559 quuc

224 3563 438 3647 negotionem
464 3559 500 3622 in
523 3582 558 3623 se
581 3557 714 3634 hubent,
736 3571 814 3620 'non
838 3555 1049 3621 coniunxerit
1070 3557 1186 3636 lrorr‘d,
1222 3559 1283 3623 sed

223 3661 304 3724 non,
324 3643 427 3710 Tem.
453 3650 483 3710 3.
503 3667 537 3730 p.
568 3650 621 3710 39.
651 3643 803 3708 indiouvi.
855 3643 966 3707 Livius
1001 3644 1113 3728 paucis
1138 3644 1172 3706 in
1195 3643 1281 3709 loeis
1335 3703 1339 3714 .

222 3755 292 3796 nore
315 3753 392 3797 cum
418 3729 584 3796 edicetivis
615 3739 648 3796 et
677 3729 838 3794 adverbiis
866 3728 1066 3810 composuit.
1118 3725 1185 3794 Eos
1209 3731 1282 3794 eol·

221 3815 301 3904 legit
323 3817 580 3902 Stiirenburgius
603 3817 854 3898 inyComment.
878 3822 907 3879 1.
934 3813 974 3878 de
999 3814 1160 3900 particula
1183 3815 1281 3881 lroud

224 3905 353 3984 p.148.
404 3903 580 3986 Perticipio
607 3923 675 3987 quo
707 3899 861 3966 differunt
892 3901 932 3964 ab
963 3901 1147 3984 adiectiviS,
1178 3901 1280 3970 etium

220 3987 284 4055 huc
306 3989 342 4053 in'
364 4009 403 4052 ro
426 3988 588 4074 con'spici,
613 3987 758 4076 nou'eet
781 3987 874 4075 quod
898 4006 1080 4074 exponem-
1309 4013 1313 4020 ⁴

324 4127 382 4182 ute.
400 4128 434 4182 de
449 4127 510 4182 uin.
527 4128 554 4193 2,
570 4127 614 4198 et,
632 4129 692 4182 1⁰3.
709 4147 750 4183 ree
769 4137 834 4198 tota,
853 4133 993 4200 Torquate,
1009 4149 1063 4185 eoo
1075 4133 1211 4186 macrum
1229 4133 1278 4186 tec·

288 4211 398 4270 utinum
414 4213 434 4270 i.
456 4231 482 4270 c.
506 4212 688 4270 indoctorum.
711 4215 748 4270 cd
766 4215 824 4272 tu.
843 4215 870 4284 1,
893 4215 937 4270 20.
955 4217 1026 4270 ortu
1040 4233 1093 4270 ocu
1109 4219 1277 4279 enumerem.
