2854 4750
412 307 546 378 usur.
588 254 896 400 uauvaovau.
1028 385 1047 410 s
1111 319 1173 380 aar

115 439 123 466 ,
1175 442 1180 449 ,

117 475 251 544 docent.
300 480 484 569 Antiquom
507 479 704 546 vocabulum
736 491 805 548 erat
833 502 959 546 ucnrrm
990 481 1041 548 vel
1070 483 1168 548 etiam

117 564 276 630 crassiori
295 589 381 632 sono
405 579 554 632 uacuum
582 569 639 648 (ita
663 568 776 632 lunius
801 569 924 634 invenit
946 568 980 632 in
1002 567 1170 634 codicibus

116 649 235 731 Nonii)
265 653 493 741 compositum
518 675 560 717 ex
581 677 625 719 ne
647 664 680 718 ct
704 675 797 719 arim.
840 654 1036 740 Comparari
1063 666 1171 746 potest

117 757 276 823 graecum
292 735 333 820 μὴ
353 744 431 816 νῦν,
455 738 545 824 quod
571 759 646 803 cum
671 739 869 828 imperativo
894 740 1050 827 coniungi
1075 738 1175 817 solet,

116 843 190 888 non
206 833 275 886 tarn
291 827 454 912 temporis
470 822 700 888 «definitionem
723 824 880 890 exbibens
898 825 997 912 quam
1022 828 1172 912 negatio-

115 931 196 975 nem
214 909 407 976 intendens:
432 910 538 996 quare*
550 910 710 974 Monkius
725 911 824 976 scribi
841 913 934 974 iussit
951 906 991 992 μή
1009 938 1078 986 νυν,
1099 913 1172 994 sul-

116 997 194 1060 laba
214 997 388 1081 producta.
423 995 573 1082 Euripid.
590 997 658 1061 Alc.
676 1001 770 1061 1087.
794 993 834 1078 μὴ
849 1001 908 1060 νῦν
921 994 1090 1080 ὖπέρβαλλ’,
1111 987 1171 1063 itt'

116 1084 279 1164 ἐναισίμως
301 1083 383 1168 φέρε.
420 1084 529 1166 Atque
544 1079 628 1148 illud
641 1103 766 1146 raenrrm
783 1081 1022 1148 restituendum
1044 1095 1112 1149 erat
1138 1085 1170 1148 in

116 1170 225 1232 Plauti
244 1165 337 1246 loco.
383 1167 447 1230 Sed
470 1167 579 1232 littera
601 1191 636 1231 m
670 1165 775 1232 linalis
805 1168 1041 1251 omittebatur,
1070 1179 1106 1233 ut
1137 1169 1172 1233 in
1204 1181 1206 1186 '
1305 1169 1308 1184 ”

116 1254 234 1318 multis
252 1253 335 1318 aliis.
378 1255 461 1318 Vide
490 1249 683 1318 Schneideri
709 1255 895 1320 Grammat.
918 1254 961 1319 T.
987 1261 1016 1318 1.
1041 1259 1172 1344 psat.

116 1339 237 1404 Lucilii
270 1360 404 1406 versum
432 1340 710 1424 emendaverunts
741 1339 804 1404 scd
828 1353 945 1404 tamen
968 1341 1031 1406 hoc
1062 1337 1172 1420 dicas,

116 1426 203 1514 quid
232 1436 303 1506 ast,
332 1425 364 1489 si
380 1430 489 1489 *nenta’
512 1425 691 1490 molestum
714 1422 793 1490 est?
834 1427 979 1513 Scaliger
1004 1426 1088 1513 quid
1109 1427 1172 1490 lroc

116 1523 189 1584 cst,
217 1511 331 1576 Dousa
354 1509 522 1599 quidnam
546 1521 606 1576 cst.
658 1513 765 1575 Varro
789 1511 829 1575 ad
851 1510 979 1576 Fufium
1005 1513 1063 1597 (ita
1086 1521 1173 1576 recte

117 1595 196 1662 eod.
222 1595 337 1698 guelf.)
358 1597 529 1696 scripsisse
547 1597 702 1662 videtur}
732 1597 764 1661 si
784 1597 887 1662 laodic
915 1619 1040 1662 uenum
1070 1599 1174 1680 venis,

15 1684 25 1694 “
117 1707 199 1750 cras
217 1682 356 1770 quatem
371 1705 403 1746 aa
421 1682 550 1748 acueris
569 1682 724 1762 meridie,
746 1681 805 1748 dic
818 1683 935 1748 natali
947 1683 1065 1748 Fortis
1081 1683 1173 1750 For·

116 1783 237 1835 trinae.
281 1770 429 1858 Guyetus
453 1777 491 1831 ut
505 1768 683 1833 verborum
706 1776 904 1834 structuram
922 1769 1112 1854 expediret,
1135 1769 1173 1833 in
1287 1815 1290 1818 -

118 1858 261 1924 Terent.
277 1853 363 1920 Eun.
383 1860 412 1932 1,
433 1859 461 1936 1,
475 1858 508 1918 7.
528 1855 687 1920 coniecit:
709 1865 811 1942 atquc
824 1854 973 1941 adipati
990 1878 1059 1920 nora
1069 1866 1172 1941 pote-

116 1944 187 2020 ris,
216 1962 319 2028 quum
339 1962 431 2004 neura
456 1951 611 2026 expetet.
634 1936 765 2028 insecta
787 1963 878 2025 pace
909 1940 1000 2005 ultro
1023 1941 1072 2006 ud
1094 1963 1173 2005 cum

118 2027 250 2098 venias.
295 2025 361 2090 Sed
379 2025 470 2118 vide,
492 2047 576 2112 quas
592 2023 847 2091 Westerbovius
863 2021 1129 2090 demonstravit..
1159 2065 1164 2074 ·

223 2144 460 2202 Weissenboruius
479 2143 509 2200 ia
524 2147 678 2202 Grammet.
706 2162 731 2214 p.
755 2141 817 2200 lta
838 2163 952 2200 aoeauaa
972 2163 1032 2200 essa
1051 2144 1118 2200 dicit
1141 2162 1175 2199 ac

188 2249 297 2298 mam,
313 2249 345 2286 ac
359 2247 446 2286 auam.

426 2413 861 2536 NEQVAQVAM.
922 2458 925 2466 ,

204 2587 249 2652 Vt
272 2583 467 2673 gravitatem
485 2581 661 2669 adiicerent
683 2581 869 2670 negationi,
892 2579 1000 2646 Latini
1029 2574 1174 2668 compo-

117 2681 258 2738 suerunt
273 2695 316 2736 nc
333 2691 408 2734 cum
425 2668 586 2735 vocabulo
604 2691 795 2756 quaquam,
816 2665 907 2754 quod
925 2665 1086 2752 significat
1099 2666 1174 2740 ulla

47 2808 54 2819 ,
117 2759 197 2836 vic,
224 2757 296 2822 ullo
318 2754 431 2820 modo.
474 2754 533 2820 Est
545 2755 646 2842 igitur
668 2775 883 2842 nequaquam
912 2752 947 2816 id
969 2753 1059 2838 quod
1078 2751 1174 2817 navilo

112 2853 236 2930 pacto,
259 2839 486 2920 arellomodo,
507 2839 732 2927 germanicum
752 2839 980 2925 leiceswegs:
1000 2860 1059 2926 nep
1077 2837 1173 2921 quid·

119 2951 221 3016 quam
241 2921 356 2996 differt
372 2927 411 2992 ab
427 2927 716 3014 davidquaquam,
738 2925 784 2989 uti
802 2925 993 3011 expositum
1012 2935 1060 2987 est
1082 2922 1123 2989 Τ.
1140 2929 1173 2989 s.
1265 2957 1270 2964 ·

117 3039 154 3102 p.
173 3017 227 3078 to.
265 3012 523 3098 Stiirenburgius
539 3012 573 3075 in
591 3010 734 3076 editione
748 3009 911 3075 librorum
931 3011 1000 3073 Cic.
1019 3011 1059 3073 de
1072 3007 1173 3072 Ollio.

118 3125 152 3189 p.
166 3103 242 3176 156.
254 3097 400 3163 affirmat
412 3097 667 3162 fundamentum
685 3095 783 3160 huius
801 3095 950 3159 vocabuli
963 3117 1032 3159 esse
1048 3115 1091 3158 nc
1106 3116 1174 3176 qaia

116 3195 224 3272 purte
251 3207 370 3273 quum.
403 3207 464 3249 nec
488 3182 552 3246 dici
576 3205 640 3268 pro
670 3205 713 3247 ae
736 3203 907 3268 qrrapucm
929 3191 1053 3266 parte:
1083 3179 1174 3264 quod

120 3294 184 3359 ego
200 3293 271 3334 non
286 3269 446 3358 intelligo,
467 3287 528 3332 nec
544 3279 691 3333 veterum
708 3269 895 3352 quisquam,
918 3269 946 3330 si
962 3265 1099 3342 adesset,
1121 3265 1175 3328 iu-

120 3359 315 3422 tellecturus
340 3367 433 3420 esset.
478 3355 562 3418 Cum
583 3353 744 3417 vocabulo
769 3355 946 3440 quisquam
969 3351 1065 3414 ctiam
1090 3371 1175 3435 qaeu·

143 3465 227 3508 rrum
251 3453 301 3508 est
324 3447 451 3506 natum.
496 3441 612 3504 Cicero
635 3439 696 3503 bac
723 3439 881 3526 particula
906 3437 1058 3516 maxime,
1073 3436 1176 3498 utitur

120 3467 166 3594 de
181 3528 279 3594 rebus
296 3550 365 3591 nou
385 3519 538 3613 paribus,
560 3546 621 3589 neo
643 3525 731 3588 iuter
752 3546 787 3588 se
806 3521 1045 3606 comparandis.
1093 3521 1174 3586 Sae-

120 3640 167 3708 pe
192 3625 446 3700 courponuutur
469 3611 569 3677 rerba
592 3633 807 3698 nequicquam
823 3609 929 3680 satis,
959 3629 1068 3693 nequa

119 3712 274 3770 tautum.
317 3699 458 3788 Semper·
473 3697 640 3786 praecedit
656 3695 815 3785 particula
832 3695 880 3775 ci,
902 3691 942 3758 ad
1006 3716 1025 3756 o
1067 3691 1174 3759 refer-

120 3801 198 3872 tur,
221 3784 364 3852 nomini.
932 3788 934 3792 ’

227 3907 320 3960 Plaut.
335 3893 397 3958 (las.
417 3901 444 3966 3,
457 3901 484 3966 2,
499 3898 524 3953 4.
545 3918 614 3954 auae
637 3901 703 3954 adea
719 3915 883 3968 nequaquam
904 3913 1051 3960 arcessam,
1070 3911 1104 3948 aa
1125 3911 1176 3962 qva

192 3991 376 4063 ignavissumis
392 3990 465 4042 liberi
479 3989 530 4040 loci
543 3994 656 4056 potestus
673 3986 706 4036 sit
722 3985 813 4036 vetulis
825 3983 975 4036 vervecibus.
1010 3980 1089 4034 Tria.
1106 3977 1173 4040 ²24¹

193 4077 235 4130 lli.
254 4091 418 4144 arsquaqaara
434 4073 544 4142 argutati
557 4073 625 4124 ratio
640 4076 768 4140 comparet
791 4076 887 4124 toraca.
921 4067 1010 4120 Poeta
1026 4063 1097 4130 apud
1117 4060 1173 4112 cta.

192 4141 304 4217 tc‘Nat.
320 4161 345 4216 d.
361 4157 388 4223 ὃ,
402 4155 502 4224 wilt.
520 4173 684 4226 nequaquam
706 4156 771 4209 istuc
790 4153 857 4208 istac
877 4152 934 4206 ibit.
969 4151 1027 4228 Cia.
1049 4147 1076 4202 ln
1099 4146 1174 4200 Vctr.
1276 4165 1279 4174 ·
1363 4159 1368 4168 ·
