2860 4756
501 761 503 766 '
559 790 738 897 Naar.

111 1010 187 1126 l).
205 1054 634 1162 originc‘particulaenara
658 1061 792 1151 eiusque
817 1063 926 1130 forma
952 1077 985 1132 et.
1009 1070 1175 1156 primitiva

112 1143 357 1234 significatione
381 1143 525 1208 diximus
549 1146 615 1210 iam
640 1145 683 1212 T.
704 1149 746 1214 ll.
774 1175 807 1239 p.
828 1156 903 1217 874.
928 1151 1078 1220 ¹Interea
1094 1157 1175 1222 novi

94 1231 98 1244 ¹
113 1232 274 1296 doctores
292 1230 500 1313 exstiterunt,
524 1232 581 1316 qui
597 1239 657 1296 nos'
675 1235 715 1298 ad
731 1235 842 1302 fontes
857 1237 983 1303 indicos
1003 1241 1181 1310 reducunt..

111 1317 163 1383 lbi
181 1317 273 1382 eni‘m
294 1317 477 1402 reperimus
497 1317 687 1384 adverbium
708 1343 837 1403 namu,
861 1324 951 1411 quo'd
968 1325 1015 1391 illi
1033 1349 1102 1391 cese
1123 1327 1174 1394 di-

104 1416 196 1471 scunt
220 1403 444 1466 accusativum
473 1401 622 1468 vocabuli
642 1427 775 1472 naman
798 1408 833 1473 h.
858 1433 887 1474 e.
911 1433 1050 1476 nomen.
1093 1412 1174 1479 Inde

111 1490 239 1554 factum
256 1511 326 1551 esse
337 1497 454 1574 putant
470 1498 501 1552 et
517 1491 602 1554 rium
619 1501 650 1554 et
665 1497 889 1578 germanicum
907 1496 1066 1570 nemliclr.
1090 1520 1174 1584 quae

111 1575 188 1641 rem'
212 1575 350 1640 nomine
382 1595 397 1636 a
425 1574 581 1662 pellatam
607 1587 705 1664 atque
731 1579 957 1668 explicandam
976 1581 1173 1670 significent.
1288 1659 1293 1668 ι

111 1661 167 1726 Gt.
191 1661 356 1745 Hartung.
409 1683 426 1723 e
460 1661 613 1725 Particul.
644 1686 751 1750 graec.
781 1665 823 1730 Τ.
852 1674 880 1732 1.
912 1689 945 1753 p.
968 1672 1043 1734 480.
1101 1669 1172 1736 Nec

137 1751 290 1832 uisquam
323 1745 456 1832 negabit
494 1745 653 1828 vocabula
690 1748 842 1836 upmurr.
878 1775 1020 1828 nomen,
1064 1752 1171 1838 ὄνομα,

111 1770 228 1900 barne
254 1831 351 1895 unius
374 1853 444 1894 esse
465 1834 732 1922 generis,‘atque
748 1837 786 1901 ad
809 1837 895 1902 hanc
915 1840 1053 1926 stirpem
1071 1842 1168 1906 ctiam

24 1964 26 1975 ·
60 1938 63 1950 ¹
111 1942 197 1984 num
221 1916 465 2001 referripoese.
511 1917 580 1981 lam
605 1921 785 1986 Palmerius
808 1927 843 1988 in
870 1918 1025 2012 Spicil'eg.
1048 1949 1080 2013 p.
1096 1929 1170 1992 747.

111 2003 567 2090 edit.Grut.antiquissimam
584 2003 704 2072 latinae
719 2008 899 2096 particulae
915 2008 1171 2078 sormamfuissc

109 2114 214 2156 name
236 2089 499 2155 existimaverat:
526 2108 594 2174 qluo
622 2095 726 2158 modo
752 2095 842 2158 enim
867 2115 908 2158 ex
932 2119 1017 2160 nam
1042 2096 1169 2164 sactum

110 2179 169 2252 sit,
202 2199 265 2264 ego
287 2175 320 2238 in
344 2176 490 2240 secundo
517 2175 604 2240 libro
630 2177 804 2244 declaravi.
847 2177 896 2244 lbi
921 2183 1017 2246 etiam
1043 2207 1080 2270 p.
1094 2186 1169 2250 376.

26 2289 27 2301 ¹
112 2264 152 2328 de
177 2260 387 2337 discrimine,
413 2261 504 2348 quod
527 2262 614 2326 inter
633 2275 810 2350 utramque
828 2287 944 2330 vocem
967 2267 1170 2334 intercedere

110 2351 270 2424 videatur,
288 2347 412 2411 dictum
433 2358 491 2412 est.
520 2351 611 2498 nup
623 2350 875 2415 Grote'fendoin
893 2352 1082 2440 Grammp,
1098 2355 1184 2420 175,Ἰ
1207 2425 1212 2430 ¹
1325 2387 1329 2392 ,

110 2439 214 2521 visum
233 2443 301 2500 erat
318 2433 410 2498 enim
420 2435 526 2519 poni,
550 2455 570 2498 u

595 2434 996 2502 iantecedenssententia
1023 2439 1178 2503 demon·x
1240 2483 1244 2490 -

110 2533 232 2588 stretur
259 2521 395 2605 eiusque
419 2521 503 2583 ratio
527 2517 701 2602 reddatur:
733 2545 817 2601 aum
838 2523 1049 2604 autempubi
1073 2525 1173 2613 prior¹
1219 2587 1221 2592 ,
1289 2545 1292 2554 “

111 2606 270 2674 sententia
294 2605 479 2670 illustretur
493 2606 686 2672 notionibus
703 2610 807 2698 magis
826 2609 978 2674 delinitis.
1023 2613 1168 2677 Contra·

109 2698 192 2762 riam
211 2694 409 2757 sententiam
435 2692 610 2779 amplexus,
626 2705 675 2757 est
693 2693 875 2759 Billrothus
893 2718 926 2782 p.
942 2700 1017 2761 837.
1044 2698 1166 2780 dicens,

39 2781 43 2790 “
74 2817 78 2822 ›
109 2803 191 2846 rrum
220 2778 364 2864 exprimi
399 2777 545 2862 logicam
579 2780 762 2860 rationem,
797 2801 881 2867 quae
901 2791 959 2844 'cst
982 2785 1167 2864 conclusio,

109 2867 198 2932 caim
215 2875 326 2930 autem
344 2883 491 2927 caussam
517 2863 551 2928 in
569 2866 669 2929 rebus
694 2866 775 2952 ipsis
794 2877 1019 2954 apparentem.
1038 2917 1042 2928 ,
1073 2869 1166 2950 Quae

109 2954 218 3016 omnia
237 2971 298 3030 nec
317 2949 402 3024 ratio
420 2971 479 3032 nec
495 2971 571 3014 usus
589 2951 806 3038 comprobat,
831 2963 930 3038 atque
949 2951 1049 3033 illud,
1074 2956 1164 3041 quod

107 3035 288 3119 Billrothus
306 3035 401 3100 affert
425 3036 615 3123 exemplum
627 3038 821 3118 Ciceronis,
845 3038 885 3110 de
910 3035 977 3102 Off.
993 3043 1025 3119 2,
1044 3045 1094 3117 12,
1110 3046 1164 3106 42.

107 3147 208 3212 neptae
225 3123 335 3200 enim,
358 3119 548 3184 dictumest
573 3121 617 3186 ob
643 3123 838 3188 nectendam
856 3125 1066 3189 sententiam.
1110 3125 1166 3194 Me

108 3221 265 3298 sequutus
283 3217 331 3272 est
346 3206 641 3292 Weissenbornias
659 3211 693 3272 in
713 3209 851 3296 Syntaxi
871 3233 905 3299 p.
921 3213 997 3276 246.

207 3329 415 3382 Lindemannns
444 3327 478 3382 de
505 3327 643 3382 Aduerbio
655 3317 696 3384 Ἱ4.
721 3347 747 3398 p.
768 3327 801 3382 4:
818 3347 886 3402 anm!
904 3329 972 3387 dicit
994 3327 1164 3383 monstrandi

168 3416 277 3480 babere
300 3417 479 3482 potestatam,
506 3419 656 3494 notarepue
678 3414 789 3484 proprie
816 3412 860 3479 id,
888 3415 960 3483 qnod
979 3416 1043 3468 alra.
1084 3415 1107 3467 l.
1132 3415 1163 3468 0.

149 3569 152 3573 Ι
170 3499 330 3554 Schmidins
343 3497 373 3552 in
385 3483 529 3552 ‘cremari
548 3499 688 3555 Meletem.
707 3500 742 3552 T.
756 3498 782 3551 3.
800 3516 825 3568 p.
840 3495 901 3552 129.
926 3507 989 3552 curn
1005 3497 1082 3554 luris
1105 3497 1163 3552 ori-

80 3641 82 3650 ,
146 3639 150 3644 ,
169 3585 261 3656 mnam
277 3583 429 3653 particulae
444 3582 557 3660 quaerit
571 3583 599 3638 in
614 3583 725 3640 nomine
741 3571 844 3654 adana.
883 3644 904 3653 Η

182 3720 255 3788 Alia
284 3731 335 3787 est
365 3719 474 3802 forma
497 3743 665 3808 namque,
687 3803 689 3806 .
709 3720 801 3785 cuius
835 3743 899 3786 usu
922 3730 1047 3786 veteres
1076 3717 1162 3784 scri·

104 3815 217 3893 ptores
239 3807 274 3872 in
304 3807 384 3872 duas
432 3817 517 3874 artes
543 3807 727 3872 discessisse
755 3807 919 3872 ridentur.
959 3803 1041 3873 ‘Alii
1071 3805 1161 3868 enim

104 3903 229 3960 tantum
247 3893 396 3971 formam
407 3831 602 3978 longiorem
614 3904 856 3978 respexerpnt,
879 3891 973 3958 nullo
994 3887 1161 3980 signitica-
1182 3975 1184 3980 ,
1206 3971 1209 3976 Ι

104 3978 199 4046 tionis
216 3979 407 4046 discrimine
423 3977 530 4044 factor
547 3978 600 4044 alii
613 3979 749 4044 voculae
764 4001 826 4066 que
841 3977 1062 4044 attribuerunt
1076 3998 1162 4063 pro-

51 4103 52 4110 *
104 4067 206 4156 priam
230 4075 431 4155 potestatem
449 4064 604 4132 nectendi
625 4066 813 4130 sententias.
856 4063 921 4130 Sed
939 4065 1026 4130 inter
1047 4083 1162 4150 gram-

104 4153 236 4305 mapvicos
251 4153 321 4220 inm
352 4160 429 4218 ante
446 4149 726 4241 Stiirenburgium
741 4150 962 4234 exstiterunt,
983 4148 1040 4240 qni
1058 4172 1077 4226 a
1095 4147 1161 4212 bo·
