2860 4756
367 247 375 276 t

614 333 686 402 us.
879 302 1040 444 ,⁴¹
1134 341 1177 410 er

84 503 265 595 'positum
285 501 446 591 iungitur.
496 499 631 571 Tacitus
655 512 765 569 sutem
788 503 846 569 has
873 514 984 592 partes
1015 509 1176 578 orationis

112 593 258 664 diversas
277 593 338 656 uni
355 587 475 654 rationi
491 588 685 653 submittere
702 589 786 654 solet
802 591 946 678 simplici
971 593 1091 678 copula
1110 620 1175 684 po.

113 679 186 744 sita.
232 677 320 740 Nam
340 685 378 740 ut
397 674 531 762 scripsit
549 675 634 738 Aun.
656 681 706 752 11,
725 681 756 740 2.
778 676 866 740 odeo
886 679 1015 764 ignoro
1041 679 1174 750 Coean-

112 786 169 842 re,
193 773 232 826 ut
252 783 388 848 paucos
407 772 489 848 post
513 759 587 824 dies
610 761 807 846 epulantem
833 765 929 847 opurl
951 786 987 828 se
1009 769 1176 836 moritum

114 850 186 914 eius
208 848 406 935 Scipionem
453 857 725 927 emundaretur,
748 871 809 912 cur
834 849 908 914 sine
930 871 1033 915 uxore
1058 852 1176 920 discu-

113 929 258 1010 buisset,
283 945 385 1020 atque
401 869 630 1082 itielganetam
637 932 720 1022 foto
735 933 966 1020 responderet.
1004 937 1052 1000 ita
1076 943 1175 1010 etiam

116 1029 146 1101 1,
171 1025 227 1084 79.
261 1016 439 1084 orantibus
493 1017 692 1094 larentinis,
728 1043 771 1083 ue
798 1018 918 1097 Clanis
950 1021 1051 1086 sol'to
1079 1029 1175 1095 alueo

112 1107 271 1172 demotus
290 1105 334 1191 l'l
361 1126 498 1168 omrrem
518 1104 655 1168 Arnum
677 1102 928 1195 transferretur
957 1108 1059 1198 idque
1089 1114 1175 1202 ipsis

106 1191 309 1280 perniciem
324 1189 489 1280 adferret.
883 1193 888 1208 “

199 1346 230 1410 5.
252 1343 469 1408 Grammatici
490 1344 572 1410 olim
587 1345 796 1428 docuerunt,
848 1355 901 1410 ost
916 1368 959 1410 ne
976 1345 1087 1412 omitti
1101 1345 1187 1434 syl-¹

111 1429 346 1497 labamoliin
369 1427 521 1516 aliquid,
546 1442 578 1496 et
602 1431 666 1496 dici
690 1456 733 1496 ne
749 1431 807 1518 qni
843 1443 909 1512 ,ut
926 1431 1064 1520 siquid.
1109 1435 1191 1500 Eos

111 1539 193 1584 vero
219 1515 321 1580 hodie
342 1514 559 1602 elegantiores
592 1517 758 1604 despicere
792 1529 890 1604 atque
920 1517 1028 1582 ridere
1055 1519 1175 1600 solent,

111 1603 254 1670 etiamsi
269 1624 323 1679 ea,
353 1623 440 1686 quae
469 1603 534 1689 ipsi
558 1604 598 1671 (le
621 1603 811 1681 discrimine
835 1602 1014 1668 verborum
1038 1605 1120 1692 quial
1144 1618 1176 1672 et

113 1689 165 1754 ali
187 1690 251 1752 uiti
266 1687 453 1774 disputant,
476 1689 633 1776 pleraque
656 1691 701 1754 ita
720 1700 796 1752 suut
813 1699 1023 1776 comparata,
1047 1702 1083 1754 ut
1104 1691 1176 1758 fere

106 1713 246 1839 nullum
276 1784 432 1860 appareat
454 1771 643 1840 discrimen.
691 1777 870 1862 Antiquior
893 1775 1051 1840 doctrina
1068 1779 1176 1843 verio'r

111 1872 193 1928 erat.
245 1859 331 1924 Nam
363 1857 618 1926 fundamentum
649 1861 795 1926 cernitur
822 1861 1043 1950 in''‘oliquicl‚
1083 1863 1175 1950 quod

109 1969 218 2036 genus
249 1947 316 2010 sive
347 1943 451 2010 tinum
486 1969 503 2010 e
529 1961 660 2034 'genere
686 1945 859 2032 significat.
911 1948 1044 2013 Omissa
1074 1951 1175 2016 altera

109 2043 212 2121 parte
234 2030 385 2098 vocabuli
411 2031 575 2097 minuitur
601 2035 647 2098 vis
671 2032 908 2114 distinctionis,
932 2043 965 2096 et
986 2031 1025 2096 fit
1048 2037 1176 2102 encliti-

110 2141 201 2185 cum.
247 2117 358 2199 Quore
375 2127 513 2206 utraque
530 2117 638 2184 forma
659 2119 746 2182 idem
772 2117 951 2204 siguificat,
976 2119 1032 2184 sed
1049 2121 1084 2184 in
1101 2123 1191 2208 quis=

110 2205 276 2271 hebemus
303 2203 479 2268 notionem
508 2206 614 2292 magis
645 2205 863 2281 abstinerem,
893 2201 1035 2289 ideoque
1063 2211 1175 2273 minus
1204 2250 1208 2258 ·

108 2291 311 2355 distinctam.
354 2289 443 2355 Haec
458 2289 537 2357 vero
556 2291 738 2355 deminutio
756 2301 812 2356 aut
827 2289 866 2353 fit
886 2289 922 2354 in
942 2289 1014 2374 ipsa
1036 2291 1085 2356 rei
1107 2315 1176 2358 no-

108 2379 224 2454 tione,
254 2386 311 2440 ant
333 2397 396 2462 per
419 2375 509 2440 aliud
538 2377 757 2460 vocabulum,
782 2375 871 2463 quod
888 2377 1036 2440 eminet.
1088 2379 1175 2444 Nem

111 2465 232 2528 Gieero
247 2462 355 2526 dicere
399 2463 508 2527 uidem
528 2474 660 2552 poterat
678 2463 740 2528 cleo
764 2485 834 2528 aon
857 2474 906 2526 est
931 2461 1078 2548 dignum
1104 2465 1177 2539 alir
1284 2499 1286 2504 ·

104 2547 197 2726 βιῶ,
216 2547 352 2636 frustra
366 2485 511 2647 iacere,
545 2550 603 2614 sed
628 2549 712 2614 dixit
736 2549 776 2619 de
798 2550 873 2612 Div.
897 2551 1176 2626 2‚60,125.ncc

146 2646 247 2699 nstro
276 2657 319 2698 oc
341 2657 415 2698 sine
438 2657 577 2734 caussa·
593 2635 676 2723 quid
697 2632 824 2720 locere*
840 2633 903 2698 deo
931 2633 1079 2720 (lignum
1113 2649 1175 2702 est.

110 2721 270 2822 qnoniam
288 2721 400 2784 omnis
422 2723 468 2786 vis
494 2725 657 2786 orationis
679 2721 766 2788 inest
789 2721 824 2786 in
846 2718 953 2784 verbis
971 2719 1112 2810 frustra
1133 2747 1177 2789 ne
1280 2775 1282 2778 -
1359 2750 1367 2762 ·

108 2831 185 2873 arne
208 2827 347 2870 caussa.
385 2807 456 2882 „Vbi
477 2807 669 2892 coniunctio
701 2807 809 2894 aliqua
827 2807 1028 2870 sententiam.
1049 2806 1177 2874 formet

109 2906 143 2958 ct
159 2894 313 2982 pondere
326 2911 391 2954 suo
410 2891 510 2970 ualet,
533 2894 562 2956 ci
574 2893 768 2980 'adiungitur
785 2893 988 2958 encliticam.
1031 2891 1069 2956 ld
1094 2917 1174 2960 vero

109 2979 306 3068 quomodo,
330 2989 460 3064 praeter
481 2979 513 3044 si
527 2989 560 3042 et
574 3001 674 3058 num,
697 2979 863 3060 imprimis
883 2979 918 3042 in
942 3000 985 3042 ae
1010 2975 1083 3059 fiat,
1104 3003 1176 3046 non

111 3089 152 3131 ex
172 3088 215 3130 eo
233 3064 466 3150 cognoscitur,
489 3063 599 3152 quod,
620 3075 657 3130 ut
677 3068 721 3128 ait
740 3063 1031 3128 Weissenbornius
1050 3087 1082 3152 p.
1101 3069 1176 3132 253.

112 3152 288 3228 homines,
310 3149 339 3214 ¹si
363 3149 444 3236 quid
466 3161 596 3232 vetant,
624 3151 823 3238 plerumque
848 3149 1027 3236 'generatim
1051 3161 1190 3234 vetant,‘

111 3239 167 3304 sed
188 3215 278 3324 qurid
295 3239 426 3324 negatio
441 3258 485 3301 ae
500 3259 577 3302 cnm
594 3239 732 3302 nomine
756 3237 941 3300 coalescens
962 3235 993 3298 vi
1011 3237 1177 3322 praevalet

112 3335 143 3390 et
160 3322 315 3389 enclitico
335 3332 475 3386 attracto
500 3324 646 3412 primam
662 3333 791 3410 partem
817 3321 996 3398 sententiae
1021 3333 1173 3410 occupat.

113 3411 227 3491 Quare
243 3418 368 3474 veteres
391 3409 492 3474 etism
518 3431 624 3474 unum
649 3409 788 3487 verbum
815 3409 1017 3494 scripserunt
1038 3407 1176 3495 acquiri.

112 3497 252 3561 Terent.
274 3495 390 3571 Hesut.
409 3500 440 3570 8,
459 3501 490 3572 2,
509 3497 563 3560 44.
590 3494 651 3560 aed
671 3491 825 3582 siquid,
856 3488 1008 3580 ueqrrid„
1042 3496 1180 3560 Accedit

112 3603 213 3656 vero,
246 3579 340 3672 quorl
363 3579 491 3668 aliquis
515 3603 586 3645 non
614 3581 649 3646 in
670 3581 819 3666 negativa
851 3578 1012 3651 scatentia
1042 3580 1176 3660 dicitur,-

111 3669 175 3732 nisi
193 3667 244 3731 vel
261 3665 476 3753 oppositione
493 3665 634 3732 effertur
649 3691 773 3732 nomen
792 3665 844 3730 vel
860 3687 918 3728 suu
939 3664 1040 3750 ipsius
1058 3667 1108 3750 vi,
1138 3679 1176 3731 ut

112 3751 275 3840 significet
299 3775 342 3816 ne
367 3753 549 3819 minimum
570 3752 716 3840 quidem.
767 3751 1109 3839 ideoqueesnmpla,
1139 3753 1176 3818 in

95 3861 98 3877 ¹
112 3839 234 3929 quibus
248 3837 375 3928 aliquis
390 3836 521 3912 tantum
540 3839 664 3925 pollet,
688 3861 756 3904 non
773 3838 855 3902 adeo
871 3836 977 3901 multa
996 3849 1083 3904 sunt.

227 3957 287 4012 Cic.
302 3975 331 4027 p.
343 3959 439 4012 Plano.
455 3957 500 4030 22,
516 3957 559 4012 52.
578 3960 612 4012 de
629 3977 681 4028 qua
698 3957 874 4028 (petitione),
895 3975 927 4009 ne
946 3957 1048 4024 aliquid
1065 3959 1177 4025 iurares,

180 4043 311 4098 destitisti.
345 4047 373 4114 p.
389 4043 480 4098 Deiota
500 4043 545 4109 13,
562 4042 606 4097 35.
623 4046 692 4098 tuac
712 4059 814 4109 vereor,
832 4060 864 4095 oe
878 4041 1014 4095 ristulum
1034 4059 1179 4097 succensere

182 4115 284 4198 oliqciid
303 4129 436 4198 suspicere.
471 4149 498 4199 p.
507 4126 570 4182 Mil.
586 4128 632 4194 24,
646 4128 690 4182 tt.
706 4131 812 4184 timebat
830 4145 884 4184 uon
898 4145 931 4179 ea
944 4127 1040 4192 solam,
1057 4119 1125 4196 qino
1139 4125 1176 4179 ti-

103 4251 126 4262 .·
183 4213 281 4268 nendo
299 4220 393 4280 eraut,
410 4214 455 4270 sed
469 4215 573 4270 omnim
596 4215 698 4280 omnio,
714 4232 747 4270 oe
768 4213 872 4283 aliquid
895 4227 941 4266 vos
960 4213 1092 4266 timeretis.
1117 4209 1176 4264 ‘obl
