2870 4760
280 337 348 404 seo.
591 405 625 418 ,,
708 327 937 399 sensnum.

285 511 392 574 tiones
410 503 496 580 ioci,
519 501 556 566 in
581 521 649 588 qno
665 500 789 589 aliquid
807 511 967 580 versatur,
989 507 1023 566 et
1044 498 1079 566 in
1105 519 1211 586 quem
1242 500 1375 589 aliquis

284 593 403 660 transit
426 601 457 655 et
475 611 492 653 e
508 607 577 674 qno
594 587 712 672 uliquis
731 587 864 652 secedit.
908 587 1025 672 Itaque
1041 586 1193 673 primum
1208 591 1375 677 peregri

284 691 316 748 et
330 698 479 769 peregre
494 673 615 738 dieitur
630 675 670 736 de
687 695 739 747 eo,
761 675 901 761 quinon
919 674 953 736 in
968 673 1049 737 urbe
1064 673 1132 737 sive
1145 696 1222 738 non
1250 676 1295 740 in
1315 700 1374 765 pe·

283 769 366 846 trie,
391 763 449 827 sed
477 771 570 826 extro
595 769 756 824 versetur.
802 759 1000 848 Opponitnr
1026 757 1133 824 domi.

289 842 295 867 ί
387 865 481 920 Pleni.
500 861 601 930 Amph.
618 862 696 915 Prol.
715 859 741 915 5.
760 861 918 934 peregrique
932 870 957 917 et
971 862 1052 916 deaii.
1073 858 1317 932 1,1,1tto.1an·a
1331 879 1375 916 aar

352 969 458 1010 eramm
469 949 586 1020 peregri,
603 955 718 1002 tutatust
734 947 816 1000 domi.

289 1039 293 1046 '
388 1050 628 1115 noueram,
651 1050 676 1115 1,
698 1049 742 1102 eo.
770 1051 834 1119 quta
859 1051 936 1104 rem
961 1065 1075 1120 peregre
1097 1054 1145 1102 es.
1170 1064 1216 1103 u.
1245 1052 1313 1104 Αε..
1340 1059 1375 1120 τι,

350 1157 462 1211 peregre
482 1138 546 1189 est?
572 1134 652 1188 Trin.
671 1134 699 1200 2,
720 1134 747 1203 4,
770 1133 831 1188 125.
855 1135 1002 1208 gestandus
1025 1151 1138 1204 peregre
1159 1137 1287 1202 clypeus.
1320 1137 1376 1189 cte.

290 1241 295 1252 ·
353 1223 429 1280 Phil.
438 1221 465 1288 5,
478 1219 572 1288 11,ez.
585 1227 670 1290 utpote
680 1221 725 1289 qui
738 1237 847 1292 peregre
858 1221 1031 1290 depugnavit.
1049 1219 1182 1272 Pendeat.
1197 1219 1375 1293 Peristeph.

353 1308 382 1375 2,
399 1307 442 1362 89.
466 1307 586 1359 Vincenti
596 1323 708 1376 peregre
721 1308 853 1359 necandus
869 1313 979 1372 martyr.
1015 1303 1072 1359 Alii
1087 1305 1207 1376 peregri.

325 1497 338 1564 l
370 1417 401 1477 2.
422 1407 552 1474 Deinde
574 1405 616 1472 do
637 1406 688 1486 iis,
714 1405 771 1494 qui
796 1405 920 1472 obeunt
943 1406 980 1472 in
1007 1418 1156 1473 exteram
1180 1409 1375 1496 regionem

285 1519 325 1566 ve
363 1499 489 1563 locum.

387 1607 482 1661 Plent.
500 1605 564 1658 Cae.
582 1601 658 1656 Prol.
678 1601 723 1656 62.
740 1605 800 1658 hine
821 1603 1003 1658 adolescentem
1019 1623 1130 1678 peregre
1146 1605 1301 1675 ablegavit
1321 1623 1373 1676 pa·

293 1683 297 1692 ’
356 1702 406 1750 ter.
425 1691 493 1744 eist.
513 1691 540 1755 2,
561 1689 587 1758 3,
605 1687 650 1742 31.
670 1699 762 1742 avecta
784 1697 830 1754 est,
859 1690 951 1758 inquit,
985 1709 1098 1762 peregre
1118 1693 1180 1744 isius
1202 1692 1372 1744 habitatore·

355 1778 437 1830 Most.
457 1776 483 1841 1,
501 1777 528 1844 1,
543 1765 586 1832 24.
603 1775 630 1844 4,
644 1775 671 1842 2,
688 1774 733 1828 41.
749 1783 885 1844 postquam
898 1777 957 1828 irino
968 1791 1079 1848 peregre
1091 1785 1168 1848 pater
1185 1777 1265 1830 abiit.
1292 1775 1372 1829 Trio.
1401 1801 1402 1804 ¹

355 1863 383 1929 1,
403 1861 430 1926 2,
452 1859 514 1914 112.

353 1955 356 1963 ’
389 1946 483 1998 Pleni.
511 1945 614 1998 Pseud.
639 1943 665 2001 1.
690 1943 716 2007 1,
738 1939 783 1996 49.
802 1943 860 1996 iero
879 1961 921 1998 rne
944 1962 1056 2015 peregre
1083 1945 1163 1998 militi
1190 1947 1369 1998 macedonico

356 2033 435 2088 minis
455 2031 556 2100 viginti
579 2029 706 2081 vendidit.
729 2027 748 2079 i.
765 2043 790 2080 e.
815 2029 857 2080 iris
881 2031 1011 2082 Ansland.
1035 2029 1108 2082 Ptin.
1128 2029 1203 2084 Hist.
1232 2035 1298 2082 net.
1326 2030 1367 2095 35,
1402 2015 1403 2070 i

356 2119 401 2184 12,
415 2117 460 2170 43.
477 2117 523 2168 itio
541 2115 650 2166 adeunte
664 2131 781 2184 peregre.
802 2113 919 2168 Sueton-
933 2115 1014 2168 Gaee.
1033 2113 1078 2173 42.

374 2227 406 2287 8.
436 2218 587 2304 Denique
603 2217 644 2280 de
659 2215 737 2280 loco
753 2226 905 2297 externo,
933 2241 952 2283 e
978 2240 1045 2304 quo
1070 2215 1195 2303 aliquid
1209 2215 1364 2302 affertur,

288 2319 344 2380 eut
358 2307 447 2372 unde
469 2303 588 2390 uliquis
604 2305 639 2368 in
658 2301 773 2366 urbem
797 2303 847 2367 vel
870 2306 907 2371 in
931 2307 1074 2390 patriam
1094 2304 1191 2368 redit.

391 2410 484 2464 Pleas.
503 2405 638 2470 setene,
653 2405 679 2470 2,
695 2403 723 2460 7.
741 2406 841 2460 salvom
863 2409 969 2477 gaudeo
995 2425 1105 2478 peregre
1130 2406 1160 2457 in
1176 2405 1304 2474 patriam
1320 2423 1362 2460 re·

357 2496 434 2551 disse.
460 2491 560 2559 Amph.
579 2490 605 2553 1,
628 2491 653 2553 l,
675 2487 737 2542 2⁰5.
763 2492 819 2544 tarr'
842 2493 917 2546 domo
940 2494 1076 2561 prohibere
1091 2507 1203 2560 peregre
1220 2507 1265 2544 rae
1282 2493 1361 2544 adee-

358 2581 473 2634 aientem
487 2578 613 2646 postulas.
626 2575 652 2640 2,
669 2576 695 2642 2,
710 2573 771 2636 216.
790 2577 873 2628 Most.
891 2578 918 2644 3,
936 2577 963 2641 2,
981 2574 1026 2628 54.
1049 2577 1127 2629 trena
1149 2591 1266 2642 peregre
1279 2577 1360 2628 verit·

357 2663 435 2720 Asin.
458 2662 494 2727 4,
519 2662 551 2726 1,
578 2661 623 2717 16.
657 2661 726 2730 quoe
756 2662 807 2714 itta
833 2664 905 2720 dicae
930 2675 1052 2733 peregre¹
1072 2661 1183 2714 allatam
1210 2661 1359 2726 epistolare·

251 2791 275 2812 .
359 2750 473 2805 Terent·
491 2747 604 2803 Btsorm.
623 2748 650 2810 2,
668 2747 693 2815 1,
712 2745 762 2798 13.Ι
778 2744 881 2814 ΒΜ,
900 2745 926 2814 6,
944 2747 970 2800 2.
989 2747 1058 2798 atior
1070 2762 1183 2816 peregre
1200 2745 1230 2810 ip
1243 2762 1359 2814 regerem

359 2832 472 2886 Romam
487 2829 658 2899 aduitae-28,
675 2831 718 2896 11,
734 2829 761 2882 6.
777 2831 838 2898 plus
847 2833 965 2887 verita
978 2840 1026 2888 aet
1039 2848 1153 2903 peregre
1167 2829 1297 2884 ruentis
1314 2836 1358 2886 aa

358 2918 421 2972 viris
435 2917 506 2969 domi
520 2920 655 2987 prodigiis
670 2918 767 2972 terruit
782 2922 836 2968 ete.

376 3018 409 3082 4.
441 3011 671 3106 Metephoriosi
701 3019 733 3082 in
762 3017 907 3082 dictione
927 3017 1087 3106 ‚Horatius
1114 3016 1221 3104 Epist.
1249 3021 1281 3095 1,
1307 3022 1358 3095 12,

290 3101 608 3258 diddiidiuprdiegre
624 3117 674 3172 est
688 3104 825 3170 animus
838 3104 913 3170 siae
930 3123 1072 3192 corpore
1087 3104 1197 3223 velox.
1212 3101 1271 3167 ubi
1282 3104 1357 3171 vide

377 3319 408 3386 6.
442 3317 610 3386 Charisius
626 3315 734 3383 Instit.
757 3339 900 3406 gramm.
930 3339 965 3406 p.
997 3320 1050 3382 86.
1072 3337 1221 3406 peregre
1244 3315 1354 3400 venit,

291 3407 366 3473 eine
379 3405 638 3494 praepositione
659 3403 862 3470 dicendum:
889 3405 964 3469 vim
987 3403 1080 3467 enim
1103 3400 1265 3468 adverbii
1286 3403 1354 3468 lra-

292 3491 364 3571 ter,
384 3493 440 3557 cni
452 3491 669 3580 praepositio
695 3514 765 3556 non
792 3491 972 3568 adiicitur,
993 3499 1031 3554 ut
1053 3511 1133 3555 rure
1154 3489 1263 3566 verrit,
1284 3510 1352 3554 non

292 3602 316 3646 e
329 3601 417 3648 rure.
443 3602 504 3644 nec
519 3602 542 3642 a
554 3599 715 3666 peregre.
744 3575 874 3642 Temen
889 3571 1059 3642 Vitruviae
1074 3598 1092 3640 e
1116 3573 1244 3662 vulgari
1268 3597 1352 3638 eon-

292 3663 464 3729 suetudine
481 3665 513 3744 5,
530 3667 549 3728 6
567 3667 632 3749 (7),
658 3667 691 3728 8.
711 3687 877 3730 versurae
896 3673 1148 3750 procurrentes,
1171 3683 1259 3749 qnae
1280 3657 1352 3750 effi-

292 3750 388 3816 ciunt
401 3771 473 3815 nna
489 3771 514 3814 e
520 3747 617 3840 soro,
640 3749 755 3816 altera
772 3773 795 3818 e
806 3772 955 3842 peregre
972 3747 1091 3815 aditus
1106 3741 1147 3814 iri
1158 3769 1310 3814 seraone.

631 3935 986 4025 PERENDIE.

364 4089 426 4192 ⁸De
440 4089 572 4191 origine
583 4092 737 4192 vocabuli
757 4087 925 4192 perendie
951 4091 1059 4160 variae
1083 4099 1215 4160 exstant
1293 4113 1347 4158 m-

288 4187 492 4248 metteorum
514 4199 701 4266 opiniones.
729 4177 874 4246 Isidorus
893 4179 927 4262 e,
947 4184 1003 4262 30,
1024 4183 1079 4248 22.
1102 4199 1190 4268 pere
1242 4177 1287 4264 ie,
1308 4177 1349 4248 id
