2886 4756
250 330 317 394 stu
719 321 830 396 NVM.

219 495 319 574 ere,
340 495 446 572 nord,
479 503 578 581 etque
608 493 708 561 etiam
746 496 870 562 omissa
900 495 1011 583 prima
1040 495 1150 563 littera
1187 491 1245 565 oric
1273 509 1313 566 et

249 584 352 656 arola.
393 579 503 646 Habet·
527 591 637 646 autem
668 580 749 646 haec
780 583 941 671 particula
973 583 1041 648 vim
1065 587 1214 666 ponendi
1237 585 1337 654 sivo·

222 665 414 734 'statuendi
451 666 502 730 sel
536 670 570 732 in
606 677 758 753 tempore
799 669 852 733 vei
884 669 920 734 in
956 668 1159 755 cogitatione
1187 673 1235 736 sel
1269 675 1309 739 in

250 753 555 820 demonstratione:
586 774 686 838 quare
717 765 830 819 errant
857 754 1054 831 domnino,
1082 757 1139 840 qui
1164 781 1236 822 eam
1263 761 1309 824 ab

249 841 377 927 origine
407 837 573 926 appellant
600 840 882 927 interrogativam.
941 841 1225 908 Aecommodatur
1253 848 1309 910 vi-

247 927 366 990 delicet
383 924 710 1009 interrogationibus,
732 929 832 992 etiam
855 926 956 990 altera
973 924 1086 990 iorma
1104 927 1138 991 in
1156 929 1310 995 ntrucubi

246 1023 390 1098 recepta.
432 1012 542 1096 Atque
576 1024 839 1079 consentaneum
863 1023 923 1087 est,
952 1012 1043 1100 quod
1066 1022 1198 1079 tantum
1223 1039 1307 1084 cum

245 1099 423 1164 indicativo
446 1096 675 1184 componitur.

347 1223 389 1279 Ne
402 1223 467 1291 quid
486 1229 674 1292 praetereunt,
694 1221 898 1276 bindemennns
911 1221 946 1275 de
961 1221 1101 1292 Adrerbio
1115 1227 1142 1280 1.
1160 1246 1187 1296 p.
1206 1231 1248 1283 15.
1272 1231 1306 1285 tn

313 1327 377 1362 nem
394 1307 509 1377 agnovit
522 1307 595 1360 idern
617 1307 803 1372 vocabulum,
824 1307 894 1376 quod
910 1309 939 1358 in
952 1327 1021 1360 nunc
1042 1310 1077 1363 ed
1099 1318 1209 1382 tempus
1225 1317 1305 1368 reie-

312 1401 405 1449 raturr
438 1394 488 1446 sed
511 1392 660 1466 ,existimet
689 1392 830 1460 praemitti
856 1391 1122 1464 interrogationibus
1152 1417 1185 1453 eo
1211 1403 1304 1468 modo,

312 1497 367 1548 quo
387 1479 490 1532 Graeci
506 1480 560 1532 niv
577 1474 608 1532 di
623 1477 729 1530 dicant.

294 1661 296 1665 .
332 1609 364 1670 1.
393 1603 541 1670 Primum
566 1602 667 1689 igitur
688 1611 907 1694 namsextra
920 1603 1215 1693 interrogationem
1236 1635 1304 1699 po-

243 1692 364 1769 situm,
392 1689 506 1754 statuit
534 1698 567 1752 et
595 1685 774 1760 confirmat
796 1711 887 1768 rem,
919 1696 1062 1774 quaesit
1094 1719 1130 1760 nc
1164 1709 1310 1784 perstet.-

243 1778 430 1842 Pleuiorem
456 1776 629 1840 notionem
655 1775 689 1838 in
713 1772 865 1838 sehabet
887 1777 1086 1844 etiamnum.
1117 1783 1219 1848 Sicuti
1237 1806 1302 1848 au.

244 1874 311 1926 tem
334 1861 519 1950 germanica
544 1883 615 1924 nun
649 1869 681 1924 et
711 1861 814 1941 nacla,
847 1862 936 1945 quod
963 1875 1012 1928 est
1033 1889 1103 1930 nrrn
1134 1862 1241 1948 urieli,
1262 1870 1298 1936 in

243 1947 481 2014 coadunandis
501 1957 533 2010 et
550 1945 705 2034 augendis
723 1947 892 2010 sententiis
909 1963 1121 2036 usurpantur,
1138 1955 1182 2020 ita
1199 1958 1300 2022 etiam

243 2036 438 2107 Latinorum
462 2055 563 2096 nram:
584 2033 675 2096 cuius
695 2031 848 2120 exempla
871 2033 963 2120 plura
988 2037 1021 2100 in
1039 2039 1182 2126 antiquis
1204 2043 1299 2108 libris

213 2189 215 2193 ,
241 2129 428 2200 exstarent,
446 2121 473 2184 si
492 2117 620 2184 scribae
638 2141 706 2181 non
725 2129 906 2182 mutassent
920 2121 955 2184 iu
970 2145 1072 2188 nunc.

344 2249 417 2302 Plin.
438 2247 514 2300 tttat.
527 2263 561 2323 ‚¹¹⁸
579 2245 623 2309 22,
641 2243 684 2312 143
702 2244 745 2300 lu.
764 2265 796 2298 ea
813 2264 914 2315 qnoque
927 2265 999 2312 uum,
1014 2267 1092 2316 qaum
1107 2251 1217 2308 lamium
1230 2255 1300 2308 inter

310 2353 410 2407 genero
430 2351 520 2386 earam
538 2333 737 2401 appellavimus,
759 2333 895 2384 mitissima
915 2339 942 2384 et
953 2335 1031 2399 sollis
1050 2353 1100 2386 uon
1121 2319 1300 2392 mordentibus

308 2423 428 2474 suadetur
445 2435 502 2471 eum
520 2419 588 2470 mica
606 2417 671 2469 ralis
688 2417 807 2470 canturir-
827 2415 845 2468 i.
871 2431 895 2466 e.
920 2418 1050 2488 diq'ear'ge
1073 2423 1200 2488 ebcnfaltr
1221 2426 1298 2476 norb.

306 2505 351 2570 25,
371 2504 398 2569 2,
415 2502 442 2555 5.
460 2503 543 2556 durat
561 2509 652 2554 tumen
671 2505 771 2554 tradita
794 2491 927 2572 persuasio
948 2501 982 2554 iu
1005 2521 1107 2573 magna
1126 2516 1203 2574 porte
1219 2511 1299 2579 calgi

306 2591 436 2658 veneficiis
457 2583 483 2640 et'
504 2589 590 2641 berlir
615 2585 644 2639 id
669 2587 732 2656 cogi
756 2586 865 2656 eumque
887 2603 951 2639 auru
968 2590 1135 2655 seminarum
1160 2593 1297 2649 scientiore

305 2675 465 2747 praeualere.

318 2821 320 2826 ·
341 2799 402 2853 Ltv.
416 2797 462 2862 24,
478 2797 521 2866 26,
543 2797 570 2852 3.
589 2804 616 2850 el
634 2797 670 2850 ud
686 2789 719 2852 eu
744 2796 849 2850 addidit
875 2813 963 2866 precer
989 2815 1059 2850 nune
1075 2815 1124 2868 per
1140 2797 1296 2854 memorium

220 2873 224 2878 ’
303 2885 427 2940 Hieronis
441 2885 524 2954 patrie
540 2883 691 2951 Gelonisque
705 2883 814 2949 fratris,
833 2901 866 2935 ne
883 2901 910 2934 se
927 2884 1060 2936 inaurium
1077 2887 1178 2937 invidia
1199 2887 1296 2937 Hiero·
1319 2877 1323 2884 ⁴

305 2971 377 3040 spari
400 2972 569 3038 conflagrare
591 2969 715 3020 sinerent.
763 2967 912 3020 creverim
941 2965 1025 3020 eiecit
1050 2987 1125 3034 nune,
1146 2969 1293 3024 Wslcbius

305 3051 467 3111 nneeolutbi
485 3049 574 3104 nescio
592 3069 645 3120 qun
664 3053 772 3106 ratione
791 3051 937 3104 dictionem
957 3059 1077 3118 excuset,
1099 3054 1292 3125 Heusingcrus

303 3159 338 3198 ex
355 3141 471 3192 adverso
490 3143 567 3205 purat
586 3137 703 3214 positum
723 3153 784 3190 ease
804 3138 969 3205 particulam
989 3147 1054 3192 tum.
1082 3139 1207 3206 Quarum
1227 3143 1291 3210 opi-

304 3227 417 3288 nionum
436 3223 511 3276 nulls
533 3221 645 3290 probari
672 3228 771 3290 potest.
806 3223 943 3292 Equidem
971 3241 1036 3276 uum
1062 3219 1191 3292 intelligo
1210 3225 1290 3296 ittet,

304 3331 358 3390 quo
380 3307 484 3380 aliquid
500 3308 636 3364 ,secedens
653 3297 844 3371 constituitur,
863 3311 935 3362 acab.
1001 3363 1004 3370 ,

338 3420 442 3476 Graeci
457 3419 543 3474 simili
562 3417 652 3471 modo.
677 3417 812 3504 Herodot.
840 3417 867 3486 2,
883 3417 927 3474 42.
949 3409 1030 3476 orirer
1047 3414 1099 3488 pls
1116 3437 1168 3472 vus
1186 3419 1290 3488 adstes

302 3502 374 3566 silus
391 3503 559 3580 ἀπεχόμενοι
580 3500 663 3576 αἶγας
678 3499 795 3560 θύουσι.

321 3639 353 3698 2.
376 3633 480 3697 Vsum
497 3631 594 3696 buius
610 3631 791 3720 particulae
808 3633 842 3696 in
858 3629 1170 3716 interrogationibus
1190 3632 1290 3698 adhi-

235 3723 321 3786 bitae
337 3717 503 3783 declarare
529 3741 598 3782 non
622 3739 818 3806 possumus,
846 3716 908 3781 nisi
932 3728 1086 3780 naturam
1101 3717 1289 3806 interroga·-

234 3805 334 3872 tionis
357 3805 543 3868 universam
562 3804 747 3868 accuratius
766 3812 971 3890 perspectam
991 3801 1163 3868 habemus.
1194 3804 1288 3870 Tum

233 3912 314 3958 vero
330 3889 510 3954 cavendum
528 3899 587 3966 est,
608 3911 651 3954 ne
668 3901 823 3976 putemus
842 3911 902 3976 per
917 3911 998 3952 natm
1016 3889 1119 3974 ipsam
1142 3892 1288 3976 exprimi

234 3976 540 4063 interrogationem.
584 3975 711 4040 Dicitur
726 3975 815 4038 enim
838 3993 900 4060 pro
916 3995 1051 4048 mamae,
1072 3975 1119 4038 uti
1135 3999 1204 4039 non
1222 4001 1287 4060 pro

234 4085 356 4142 noane,
377 4081 425 4127 au
446 4081 510 4146 pro
532 4082 633 4124 anne.
672 4061 780 4146 Atque
802 4060 884 4132 illud
906 4083 1030 4124 numne
1049 4059 1083 4124 in
1106 4081 1167 4124 usu
1183 4061 1287 4129 fuisse

235 4156 384 4220 euastata
413 4165 617 4238 quamquam
645 4145 734 4214 inter·
754 4147 890 4214 criticos
919 4144 1055 4236 quidam
1076 4149 1288 4234 exstiterunt,
