2854 4750
192 359 260 424 194
587 353 686 422 uno.
729 296 896 438 unove

216 546 296 590 vcro
313 536 448 590 ‘tantum
473 523 582 606 abest,
610 535 648 613 ut
670 526 719 589 ris
745 526 930 612 negationis
962 521 1023 588 lrac
1058 525 1278 612 oppositione

215 621 382 695 augeatur,
407 623 442 675 ut
463 633 558 698 saepe
575 612 655 676 adeo
672 614 850 691 minuatur,
877 622 973 698 atque
993 633 1055 676 nec
1070 613 1174 697 accipi
1190 635 1277 699 pos·

215 698 259 760 sit
275 720 337 784 pro
354 697 448 761 nicta
466 709 555 762 etwu
573 697 622 761 vel
642 699 731 762 oracla
746 699 851 766 nicht.
882 699 949 762 Cic.
967 696 1006 760 ad
1027 695 1118 761 Fam.
1133 703 1164 774 9,
1176 701 1226 776 24,
1238 703 1274 766 9.
1340 728 1344 759 ι

126 784 131 794 “
215 805 277 850 nec
292 783 331 848 id
345 782 395 847 cd
409 783 625 868 voluptatem
641 781 762 865 refero,
780 783 842 847 aad
861 782 909 847 od
924 783 1203 848 communitatem
1220 785 1275 848 υἰ-

214 879 274 934 tae
293 882 394 955 atque
410 869 527 932 victus.
569 869 681 934 Manet
699 869 859 933 tamenin
876 870 915 936 iis
930 869 1032 957 ipsius
1049 869 1275 958 oppositionis

214 957 263 1021 vis
278 977 416 1044 pernen
433 977 598 1042 expressa.
1124 979 1126 990 ν

147 1163 152 1169 ,
273 1127 275 1136 ·
296 1094 367 1158 Nos
381 1104 529 1160 tenemus
544 1091 647 1156 unurn'
665 1093 749 1168 hoc,
774 1093 863 1179 quod
881 1093 912 1158 in
940 1093 1010 1180 ipsa
1031 1095 1270 1180 particularum

212 1190 327 1246 natura
343 1181 441 1244 situm
461 1189 526 1257 est,
550 1201 697 1244 necesse
720 1178 969 1244 demonstrativi
993 1183 1140 1264 generis,
1164 1207 1273 1270 neque

108 1269 112 1279 '
143 1285 146 1302 ·
211 1267 350 1330 relativi.
404 1263 484 1330 lnde
509 1287 584 1330 vcro
610 1263 770 1343 efficitur,
800 1275 837 1328 ut
862 1288 923 1328 nec
948 1263 986 1328 ad
1020 1288 1074 1339 ca,
1107 1288 1189 1352 quae
1213 1292 1272 1334 se-

212 1365 370 1440 quuntur,
386 1349 560 1425 referatur,
584 1351 743 1438 nequead
763 1373 811 1426 ea,
834 1369 915 1436 quae
935 1351 1147 1432 antecedunt,
1170 1365 1272 1440 atque

90 1504 94 1516 ,
124 1481 127 1489 ·
210 1439 254 1504 ita
272 1438 425 1523 quidem,
450 1447 486 1500 ut
501 1436 535 1501 ia
552 1459 656 1522 neque
674 1437 720 1500 vis
747 1435 944 1522 copulandi,
969 1435 1002 1500 in
1028 1440 1183 1524 meipsa
1203 1462 1269 1502 ne·
1293 1500 1300 1537 Ι

210 1526 299 1610 gotio
319 1523 391 1610 plus
411 1522 522 1588 valeat.
567 1522 609 1586 Et
625 1544 728 1608 quum
747 1525 781 1584 in
804 1542 1010 1619 quacumque
1033 1525 1207 1608 negatione
1230 1525 1267 1590 id

205 1612 357 1675 maxime
378 1610 520 1696 spectari
544 1609 667 1696 possit,
699 1605 789 1692 quod
822 1618 1026 1672 contrarium
1051 1618 1114 1687 est,
1145 1610 1178 1675 in
1202 1634 1267 1676 nec

208 1695 388 1769 habemus,
423 1716 490 1780 quo
528 1693 772 1780 oppositionem
815 1691 998 1758 distinctius
1030 1693 1266 1781 significemus.

143 1811 144 1816 ¹
208 1781 315 1866 Saepe
336 1793 447 1844 tamen
472 1801 531 1866 per
554 1803 615 1844 nec
639 1779 850 1842 continuatur
876 1779 982 1840 oratio
1004 1780 1069 1858 ita,
1092 1792 1127 1842 ut
1149 1781 1265 1846 allicio

207 1867 387 1954 particulae
411 1887 515 1952 neque
542 1864 716 1950 fungaturz
757 1875 789 1928 et
814 1885 918 1950 quum
950 1875 1130 1950 utrumque
1159 1889 1301 1954 genus..

207 1953 288 2016 illud
306 1953 402 2016 etiam
422 1952 454 2014 in
474 1950 544 2017 aliis
564 1948 756 2031 niominibus‘
772 1959 1007 2026 commutetur,
1030 1948 1102 2014 fieri
1120 1965 1265 2039 poterat,

206 2049 244 2103 ut
260 2039 393 2102 relativa
410 2034 519 2100 forma
543 2058 607 2122 pro
632 2035 890 2100 demonstrativa
915 2045 1113 2121 poneretur,
1141 2059 1264 2123 quem-

205 2123 386 2188 admodum
406 2122 464 2210 qui
485 2144 547 2209 pro
562 2121 638 2202 laic,
660 2140 866 2208 quamquam
883 2143 943 2206 pro
960 2133 1076 2184 tamen
1094 2123 1262 2190 dicuntur.

204 2213 312 2296 Atque
328 2231 397 2274 non
416 2217 635 2294 paucasunt,
657 2229 739 2291 quae
762 2205 822 2269 hac
844 2208 972 2270 ratione
996 2205 1151 2292 explicari
1175 2233 1261 2296 pos-

203 2297 330 2360 suntin
346 2315 405 2359 usu
425 2293 541 2356 harum
561 2291 806 2378 particularum.
845 2289 1039 2378 Intelligitur
1056 2293 1156 2375 enirn,
1179 2318 1265 2381 qua.

228 2394 341 2468 ropter
355 2379 514 2444 maiorem
534 2381 599 2442 vim
617 2379 780 2466 exprimat
804 2400 884 2458 uec,
904 2378 993 2464 quod
1017 2369 1146 2466 sig'uurn
1168 2383 1202 2445 in
1225 2407 1262 2448 se
1324 2392 1330 2399 “

202 2407 303 2532 liabet
327 2465 639 2542 demonstrationis,
664 2474 695 2525 et
722 2485 780 2526 eur
803 2486 909 2548 neque
931 2486 997 2528 non
1025 2475 1170 2550 ponatur
1193 2491 1258 2554 pro

199 2577 271 2622 non
294 2563 350 2618 aut
373 2573 434 2639 pro
463 2573 505 2613 ne
531 2548 750 2635 -·qaidern,
781 2559 811 2610 et
831 2549 1002 2634 quomodo
1036 2551 1164 2615 dicatur
1195 2577 1259 2619 nec

146 2705 149 2712 ,
200 2663 288 2716 uon,
313 2660 375 2702 neo
392 2636 524 2707 minus,
547 2644 576 2697 et
594 2655 656 2719 qua
678 2633 719 2696 de
735 2651 845 2696 caussa
863 2657 968 2722 neque
983 2657 1053 2700 non
1074 2639 1259 2722 coniunga-

199 2735 256 2787 tur
271 2745 346 2788 cum
361 2722 555 2808 imperativo
573 2730 626 2782 aut
643 2719 852 2783 coniunctivo
879 2724 913 2785 ia
940 2721 1047 2786 iussis.
1091 2721 1257 2810 lotelligi-

200 2819 255 2872 tur
278 2810 310 2872 in
341 2806 529 2894 oppositis,
550 2805 649 2870 veluti
675 2805 708 2868 in
739 2827 801 2870 nec
819 2842 859 2855 -
880 2805 959 2884 aed,
988 2829 1108 2872 nec-
1125 2821 1256 2892 tumen,

198 2895 339 2980 spectari
359 2896 463 2982 ipsam
483 2913 592 2956 rerum
611 2889 876 2976 oppositionem,
898 2892 953 2955 sed
968 2891 1024 2957 ubi
1040 2915 1145 2980 neque
1166 2897 1254 2960 scri-

200 2981 307 3062 bitur,
333 3001 409 3044 cum
425 2977 691 3062 antecedentibus
719 3000 771 3053 ea,
796 2977 1068 3062 quaedicuntur‚
1087 2981 1182 3044 necti.
1224 2987 1255 3046 A

196 3066 304 3152 poetis
327 3089 389 3130 nec
413 3074 488 3150 post
513 3065 663 3150 primum
689 3063 882 3126 vocabulum
915 3063 1115 3146 collocatur,
1150 3088 1254 3130 num-

193 3173 444 3239 quamneqne,
474 3159 506 3214 et
529 3172 591 3214 nec
613 3151 646 3214 in
675 3147 871 3234 canapositis
894 3149 1020 3230 verbis,
1050 3150 1105 3215 ubi
1131 3153 1253 3240 copula

194 3237 393 3323 requiritur,
413 3257 483 3299 non
500 3245 650 3298 mutatur
664 3233 698 3298 in
719 3257 843 3320 raeque:
866 3255 943 3299 nam
962 3257 1030 3300 non
1048 3235 1168 3300 dicitur
1186 3239 1250 3302 rie·

193 3347 257 3410 que
273 3324 398 3409 opina,
422 3321 477 3386 sed
499 3320 732 3408 necopinaque
752 3319 809 3405 (cf.
827 3319 1023 3410 Zinaerliog.
1044 3321 1124 3386 Crit.
1140 3323 1251 3388 iuven.

192 3433 229 3497 p.
253 3415 334 3475 75..
384 3407 605 3492 Intelligitur‚
635 3429 695 3468 eur
724 3406 901 3492 scriptores
931 3407 996 3485 ibi,
1029 3405 1084 3472 ubi
1116 3409 1248 3492 negatio

192 3517 270 3559 curn
288 3519 304 3559 a
320 3497 395 3580 iqua
417 3495 448 3560 vi
468 3492 596 3556 cuidam
618 3490 780 3556 vocabulo
799 3489 947 3574 additur,
969 3491 1105 3558 athene
1130 3494 1262 3579 obscr-¹

192 3583 278 3647 vovit
305 3581 506 3664 Wagnerus,
527 3601 590 3642 nec
615 3584 740 3662 ponere
764 3575 902 3641 soleant.
945 3577 1112 3642 Nimirum
1136 3581 1249 3644 omni-

191 3667 252 3730 bus
278 3665 329 3728 his‘
344 3665 500 3728 convenit
520 3660 776 3728 demonstrativa
799 3663 970 3750 particula.
1014 3663 1159 3730 Relatira
1185 3688 1248 3730 au-

190 3763 259 3818 tem
283 3750 412 3828 forma,
442 3749 482 3814 ab
506 3750 803 3832 inittosenteanae
829 3747 1007 3830 collocata,
1045 3773 1085 3814 eo
1120 3751 1249 3832 diflert,

191 3835 281 3924 quod
308 3857 352 3904 en¹
371 3835 637 3902 antecedentibus
665 3834 785 3916 pendet
809 3844 841 3896 et
864 3833 1040 3922 copulandi
1054 3837 1128 3900 nim
1154 3839 1186 3902 io
1211 3861 1248 3902 se

188 3922 306 3988 habet:
332 3921 388 3985 ubi
405 3921 528 4008 duplex
542 3922 577 3984 in
595 3919 704 3984 media
721 3919 873 3984 oratione
890 3920 1046 4066 ponitur,
1071 3923 1156 3986 ratio
1175 3945 1248 3988 non

189 4009 250 4074 alia
268 4018 315 4070 est
327 4029 425 4093 quam
439 4007 471 4070 in
490 4028 695 4093 qam-qun.
712 4017 744 4068 et
759 4041 802 4054 -
817 4015 860 4068 et.
884 4034 898 4070 a
919 4029 956 4070 eo
973 4029 1058 4079 uero,
1077 4008 1167 4094 quod
1211 4031 1248 4072 er

188 4092 378 4168 ecdicum,
400 4090 438 4156 fit
452 4115 556 4178 neque
572 4115 672 4163 vero,
695 4089 751 4153 ubi
771 4093 1023 4156 sententiosum
1046 4103 1158 4158 antece
1185 4117 1246 4157 en-

188 4190 221 4245 te
245 4181 395 4244 oratione
417 4181 559 4244 nectitur
583 4189 616 4243 ct
638 4196 750 4241 seusus
783 4186 832 4274 est
865 4189 897 4242 et
925 4199 1001 4243 vero
1024 4201 1103 4242 non.
1156 4181 1245 4245 Haec

922 4331 928 4362 t
