2854 4750
1001 245 1006 258 ι
1061 231 1066 262 Ι

181 315 184 324 ’
236 326 298 388 1ao
654 306 841 388 „uuurass

233 491 469 592 probabilitate
488 492 638 578 petitam.
684 491 750 556 Sed
767 481 951 582 multipiex'
964 499 1011 554 est
1028 491 1205 557 eonsilium
1221 493 1293 556 tatis

234 578 518 665 interrogationis.
540 579 623 642 Nam
641 578 744 641 moda
758 581 945 664 quaerimus
962 577 1002 640 de
1019 601 1067 658 re,
1083 601 1181 665 quam
1201 601 1295 642 com-

234 676 364 753 pertam
381 663 541 730 habemus
558 687 594 728 ao
611 664 752 744 seimus,
774 665 829 727 sed
845 666 966 728 iterum
984 675 1016 728 et
1030 677 1141 751 aperte
1169 664 1296 728 consu·-

231 761 359 815 matam
388 750 557 832 volumusz
595 750 700 812 mado
732 752 888 814 mirantes
917 752 1106 836 quaerimus
1141 751 1181 814 de
1208 751 1296 814 reri-

235 848 303 902 tate
326 837 393 916 rei,
426 859 510 923 quae
544 835 744 901 incredibilis
774 837 875 900 videri
900 846 1008 920 potest
1040 837 1109 917 (ubi
1134 838 1295 901 Germani

130 979 132 988 s
236 924 308 988 ist's
338 923 429 987 demi
454 921 609 986 wirklr'ali
631 919 724 1006 soi),
756 923 859 986 modo
883 921 1125 986 dubitationem
1156 945 1295 986 omnem

235 1005 400 1074 removeri
417 1007 568 1094 cupimus
586 1007 682 1070 etiam
702 1007 735 1070 iu
758 1031 794 1071 re
808 1025 880 1072 ‘nan
898 1007 1077 1072 admodum
1096 1009 1213 1085 dubia,
1239 1007 1295 1071 ubi

238 1095 301 1160 dioi
322 1095 426 1158 solet:
448 1089 590 1157 noanei
616 1103 706 1156 estne
724 1093 793 1160 ita?
836 1093 875 1159 Iu
892 1093 942 1157 his
960 1093 1120 1158 duntaxat
1145 1094 1295 1158 adhiberi

236 1191 345 1268 pateat
367 1181 594 1266 germanicum
621 1177 707 1242 duola
732 1180 838 1244 molal:
885 1178 921 1242 ln
952 1179 1015 1246 illis
1047 1195 1175 1252 autem,
1211 1201 1296 1264 quae

236 1269 302 1332 iam
324 1267 454 1350 cognita
479 1276 573 1341 sunt,
595 1287 666 1328 non
687 1276 778 1328 reeta
804 1266 1066 1351 interrogatione
1091 1268 1295 1352 quaerimus,

236 1353 293 1418 sed
317 1343 516 1416 senteutiam
543 1352 586 1415 ita
613 1353 893 1438 pronuntiamus,
925 1361 960 1414 ut
985 1353 1175 1439 quaerendo
1199 1350 1296 1416 affir-

237 1461 378 1505 memus.

245 1619 246 1622 ,
292 1589 298 1630 '.
339 1555 430 1611 Plaut.
450 1552 511 1630 Mil.
526 1553 552 1621 2,
562 1553 594 1620 3,
612 1553 656 1607 66.
682 1573 773 1625 nempe
794 1563 823 1607 tu
845 1557 903 1609 istie
924 1557 965 1610 ais
980 1573 1033 1610 ease
1049 1557 1155 1610 herilem
1176 1557 1295 1610 cuncubi-

304 1644 392 1698 num?
425 1639 526 1691 Pseud.
551 1637 578 1706 4,
600 1639 627 1704 7,
650 1638 693 1692 73.
718 1643 781 1710 quid
803 1641 866 1694 uis?
887 1641 978 1710 nempe
999 1649 1030 1695 tu
1048 1643 1124 1694 illiue
1139 1659 1225 1694 aeroas
1248 1641 1295 1694 es?

303 1747 353 1786 uu.
389 1725 559 1780 Pluuieeume.
594 1727 664 1780 Rud.
680 1725 706 1791 4,
723 1726 750 1792 4,
769 1726 810 1779 13.
828 1745 927 1796 nempe,
939 1729 981 1780 irie
1001 1736 1064 1780 tuus
1083 1727 1143 1780 est?
1161 1727 1179 1780 i.
1195 1745 1220 1778 e.
1239 1728 1295 1778 aisa

305 1833 331 1870 a
351 1816 385 1867 at
412 1811 533 1864 aeratas
557 1812 666 1866 aornar
699 1809 726 1876 4,
748 1809 775 1876 4,
795 1810 838 1864 aa.
875 1812 954 1865 urin.
980 1811 1006 1878 4,
1022 1813 1049 1879 a,
1067 1812 1109 1880 aa.
1135 1799 1208 1866 urea
1233 1813 1296 1879 quet

305 1897 473 1971 aguntunam,
491 1915 553 1964 quoe
570 1897 664 1968 reiiqui
685 1898 743 1962 iiie,
756 1899 847 1964 fllium
867 1906 943 1966 atque
956 1898 1070 1966 filium?
1106 1915 1148 1950 ετ.
1188 1898 1295 1961 Vivant,

82 1978 84 1986 ’
182 1973 205 2036 a
305 1984 397 2038 auant.
432 1999 478 2034 cu.
512 1983 609 2052 Nempe
626 1983 752 2050 uterque?
787 2001 828 2036 su.
866 1985 983 2053 Vterque,

271 2145 272 2152 ¹
341 2084 683 2156 Ptaat.4stn.1,1‚1oo.
702 2087 1080 2157 upudArehibuiumegoero
1102 2087 1295 2156 argentarium.
1352 2117 1362 2126 κ

286 2191 342 2228 n.
377 2173 476 2240 Nempe
498 2171 528 2222 iu
547 2171 629 2238 foro?
663 2186 709 2223 un.
744 2173 794 2223 Idi.
836 2170 1007 2236 Trtn.1‚2‚
1030 2171 1091 2224 159.
1119 2189 1187 2222 uuae
1216 2172 1295 2241 uirgo

305 2275 396 2328 nempe
420 2257 493 2326 apud
514 2262 538 2308 te
560 2263 606 2309 est.
641 2273 684 2308 oa.
720 2256 763 2310 Itu
785 2264 831 2309 est.
866 2256 936 2310 Stat.
960 2255 1052 2309 Theb.
1073 2257 1100 2324 7,
1123 2255 1185 2314 544.
1204 2275 1296 2326 nempe

303 2347 365 2398 haee
379 2341 461 2396 trahis
479 2339 515 2390 ad
530 2341 682 2392 commercia
698 2335 811 2392 uatum?
1195 2361 1196 2365 ¹

228 2499 230 2506 ,
332 2445 398 2500 cte.
418 2442 502 2514 Tuae.
528 2437 554 2504 5,
570 2440 596 2505 5,
612 2440 654 2494 12.
679 2460 771 2512 nempe
797 2460 881 2512 aegas
903 2443 939 2494 ud
961 2444 1034 2497 beate
1067 2443 1296 2497 uiuendum'sutie

303 2547 377 2603 poste
391 2525 534 2580 virtutem?
552 2524 570 2576 i.
585 2543 609 2578 e.
630 2528 749 2596 leugnest
764 2529 800 2579 da
814 2527 953 2580 wirkliaii?
977 2529 1069 2582 Plaut.
1085 2530 1158 2580 Meu.
1172 2525 1200 2592 4,
1214 2525 1241 2592 i,
1250 2525 1295 2579 41.

306 2631 396 2682 nempe
411 2610 503 2664 iubes?
521 2609 539 2664 i.
555 2627 580 2664 e.
596 2613 675 2664 miliat
692 2613 728 2662 du
743 2611 884 2664 atratino?
917 2611 1016 2666 Pseud.
1037 2613 1063 2678 1,
1075 2615 1101 2680 3,
1120 2613 1180 2666 119.
1192 2619 1295 2682 fateor.

305 2717 347 2752 eu.
382 2697 481 2764 Nempe
493 2698 621 2766 conceptis
638 2696 743 2748 aeriis?
776 2712 822 2749 uu.
858 2697 949 2749 Etiam
966 2699 1089 2752 consultis
1111 2715 1218 2768 quoque.
1252 2697 1296 2750 ltu

209 2785 215 2804 ⁴
254 2845 263 2864 ί
305 2782 481 2853 explicandus
497 2789 538 2834 est
554 2783 631 2835 locus
650 2781 720 2836 Rau.
741 2782 767 2848 1,
783 2781 810 2846 5,
827 2781 868 2834 1⁰.

338 2887 429 2939 Plaut.
448 2885 529 2938 Most.
545 2885 572 2950 3,
587 2885 613 2952 3,
628 2884 671 2937 16.
696 2903 788 2956 nempe
809 2885 953 2956 octoginta,
964 2887 1086 2963 detentor
1109 2887 1169 2939 liiiio
1190 2881 1296 2939 midae?

304 2987 353 3023 uu.
387 2971 472 3022 Haud
493 2969 598 3024 nummo
619 2971 740 3040 amptius.
781 2969 925 3034 4u1.2,4,
943 2969 985 3023 14.
1009 2989 1099 3040 nempe
1128 2973 1189 3024 isaie
1211 2973 1296 3024 dimi-

196 3077 200 3085 s
305 3059 379 3109 dium
397 3056 470 3120 dieis,
489 3056 628 3108 dimidiam
645 3056 737 3108 domi?
763 3057 864 3110 Bacch.
874 3055 901 3120 2,
910 3055 936 3118 2,
954 3056 996 3108 11.
1012 3058 1085 3108 uiuit.
1111 3058 1210 3124 Nempe
1226 3064 1296 3109 reete

304 3140 392 3194 vaiet?
410 3139 429 3203 i.
444 3157 468 3192 e.
485 3157 514 3192 er
527 3141 562 3192 ist
577 3141 643 3192 doeir
656 3142 724 3193 wohl
746 3142 817 3208 aas?
839 3141 913 3210 -uil,
934 3140 960 3206 3,
976 3139 1002 3206 3,
1016 3139 1062 3196 48.
1083 3158 1172 3210 nempe
1196 3149 1227 3192 tu
1247 3159 1296 3192 no-

212 3255 219 3261 ·
304 3227 366 3279 aisti
382 3227 490 3278 mititem
510 3243 595 3278 meum
612 3225 726 3278 haum?
761 3241 804 3278 ue.
838 3227 947 3296 Rogare
967 3227 1063 3278 aarum
1086 3234 1129 3282 ert·
1163 3225 1190 3289 3,
1207 3223 1235 3290 3,
1251 3225 1296 3279 32.

304 3312 408 3365 Baeoh.
431 3309 457 3375 4,
481 3309 507 3372 4,
526 3309 570 3362 33.
604 3306 716 3364 Persius
738 3311 764 3376 3,
787 3311 813 3363 1.
839 3327 930 3378 nempe
952 3310 1000 3361 aaa
1022 3311 1154 3368 adsidite?
1178 3310 1197 3362 i.
1213 3329 1238 3365 e.
1266 3330 1296 3364 eo

305 3387 642 3464 iuiririioirsodtwaiirreud?
678 3397 736 3448 cta
754 3395 872 3459 Brute,
889 3392 932 3445 14.
956 3413 1048 3464 nempe
1072 3413 1132 3448 eum
1154 3395 1235 3458 dieis,
1254 3397 1296 3447 iu-

245 3491 248 3500 '
305 3481 381 3549 quit,
401 3498 449 3547 pao
473 3483 523 3534 iate
546 3500 647 3534 omnem
676 3499 763 3534 rerum
786 3479 939 3532 memoriam
971 3481 1081 3532 breuiter
1097 3508 1132 3518 -
1151 3481 1297 3548 complearis

303 3563 364 3620 ert?
380 3562 400 3614 i.
418 3581 442 3615 e.
461 3568 531 3620 nieht
544 3567 639 3620 walari
658 3564 694 3620 du
709 3566 801 3642 metiret
816 3565 865 3616 dus
878 3564 952 3616 Baeti
968 3571 1021 3618 ete.
1054 3565 1098 3618 Ita
1116 3562 1199 3616 etiam
1216 3565 1298 3617 acciu

306 3647 406 3716 pianda
421 3655 483 3702 sunt
498 3651 584 3704 verba
603 3651 699 3704 Partit.
716 3655 785 3702 orat
801 3647 827 3714 9,
844 3645 886 3701 33.
903 3666 993 3724 nempe
1012 3667 1044 3702 ea
1066 3659 1209 3718 sequuntur-
1228 3668 1297 3718 quae

306 3736 343 3787 ad
355 3735 510 3802 faciendam
519 3739 605 3804 fidem
621 3734 771 3806 pertinent?
806 3735 851 3786 Ita
867 3739 912 3785 est.

339 3828 406 3880 Post
423 3811 502 3881 'hanc
529 3823 774 3901 inteprogatiouem
804 3834 955 3896 sequuntur
987 3824 1176 3902 respondentis
1207 3827 1296 3881 verbe

306 3913 399 3964 miram
422 3913 485 3979 pain
508 3915 581 3983 apud
600 3916 692 3969 Plaut.
715 3913 788 3968 Ruit
814 3911 841 3978 5,
855 3909 941 3978 3,.36.
977 3909 1103 3965 Trinnm.
1132 3909 1159 3976 4,
1183 3912 1210 3978 2,
1233 3911 1296 3966 124.

151 4153 155 4167 Ι
251 4074 254 4080 ’
306 3995 507 4136 ν4051345454.
521 4057 565 4147 20,
580 4079 623 4134 71.
640 4067 772 4135 Hesionen¹
789 4081 928 4148 Telamon,
945 4081 1068 4134 Briseida
1083 4082 1149 4148 oepit
1163 4081 1297 4133 Achillea.-
1337 4073 1346 4100 x
1411 4059 1412 4148 4

304 4175 416 4238 utruque
431 4169 551 4223 victorem
570 4174 783 4237 nempeaequutu
797 4167 905 4222 airum?
939 4167 1000 4222 Non
1024 4173 1113 4234 potest
1133 4165 1295 4236 interroga·

1312 4380 1314 4389 4

1258 4489 1260 4498 t

1311 4683 1315 4700 1
