2876 4752
256 183 264 222 i

276 262 291 274 ‘¹
312 265 596 409 nequeumt
637 263 949 402 usqi-’uturum
1102 323 1163 402 ree

177 491 253 546 hund
266 491 348 566 'isliu
363 481 365 491 Α
381 491 525 546 linierunt
539 489 652 560 aliquid,
667 495 783 559 tantum,
798 491 909 544 multem
923 491 1059 562 et'eiiquc,
1076 498 1161 561 tenta,

170 577 262 644 'muita
286 575 487 647 significatione
501 581 530 629 et
555 593 608 630 usu
629 575 741 644 quidem
762 569 888 640 diverse,
906 577 955 630 sed
979 579 1163 648 grammatice

177 663 287 718 rettoue
310 661 439 716 similitu*
462 661 618 715 Gronovius
640 661 675 714 sd
695 659 816 728 mutu,
838 659 890 726 54,
905 658 932 713 4.
955 659 1163 726 ‚‚vetrrstissimi

176 749 307 819 dixerunt
322 734 495 816 nequidquam
513 747 560 800 rel
581 747 784 816 necquidquam:
802 753 898 816 postea
921 747 1163 815 molliorespuri-

178 834 261 888 celse
278 834 402 886 iecerunt
418 832 599 900 nequicquam.
641 828 674 884 Si
696 831 795 900 quihus
813 831 930 902 emplius
952 833 1058 902 placuit
1074 837 1164 904 nequi7

108 905 109 908 ¹
153 965 158 970 ,
177 937 271 990 mem,
290 925 321 974 ut
335 915 422 972 scribi
439 917 469 970 in
485 916 626 988 plerisque
639 920 694 969 vet.
710 915 760 969 tib.
775 915 849 981 scic,
865 933 920 970 neu
937 917 1113 978 intercede.“

124 1087 129 1094 '
195 1065 233 1140 1.'
248 1069 487 1171 Nequidquam
503 1079 534 1134 et
549 1070 754 1162 nequiquam
774 1071 802 1156 si
816 1070 855 1136 ed
878 1071 1041 1158 originem
1065 1093 1165 1146 revo-

109 1179 245 1246 camus,
274 1157 372 1222 fccile
389 1156 624 1242 intelligimus,
645 1155 698 1222 his
720 1156 830 1222 verbis
853 1161 991 1246 proprie
1013 1159 1163 1243 uegetio-

20 1301 23 1314 ι
108 1253 188 1331 netn
216 1241 332 1310 referri
350 1241 389 1307 sd
412 1262 657 1330 quamcumque
681 1242 865 1322 rationem,
888 1253 924 1309 ut
945 1244 1164 1331 exprimatur,

109 1327 203 1417 quud
240 1329 396 1395 Germani
416 1327 542 1392 'dicunt
576 1329 613 1394 in
641 1328 755 1393 ieiuer
782 1327 981 1408 Eiciemini,
1015 1328 1082 1394 hoc
1115 1341 1164 1394 est

108 1415 251 1482 omniuo
276 1437 356 1483 nan.
401 1413 512 1496 Quem
539 1413 811 1502 significationem
837 1415 1003 1480 Serviuse
1023 1415 1163 1502 Virgilio

109 1505 144 1575 in
164 1502 247 1567 locis
266 1503 388 1588 Georg.
408 1507 437 1580 1,
454 1503 528 1565 408.
540 1512 582 1583 xet
595 1503 726 1579 Aemi,
742 1503 818 1566 544.
835 1512 995 1566 serentum
1012 1521 1082 1566 esse
1097 1521 1163 1589 pu·
1260 1513 1261 1516 ’

110 1587 214 1682 tpbut.
237 1585 366 1654 Tamen
379 1583 419 1684 qb
435 1586 524 1684 istis,⁸
535 1607 618 1685 quee
635 1583 746 1685 qiiert,
761 1585 842 1650 locis
859 1585 1002 1652 alienum
1011 1585 1077 1651 hoc
1094 1609 1164 1652 esse

110 1695 212 1740 nemo
231 1681 451 1752 consentiet,
474 1693 526 1736 cur
544 1694 712 1759 mgemum
727 1669 854 1738 valente
879 1693 988 1758 neque
1005 1673 1087 1739 elius
1103 1693 1165 1744 ex-

111 1769 175 1824 stet
191 1757 279 1830 ullus
294 1768 441 1822 veterum
462 1757 663 1847 scriptorum
684 1757 798 1848 loeus,
820 1777 886 1842 quo
911 1759 972 1823 istu
995 1757 1165 1847 significa-

111 1847 159 1912 tio
180 1844 432 1932 comprobetur.
474 1839 528 1910 Ne
544 1867 614 1910 esse
631 1845 801 1930 antiquum
816 1845 1001 1932 negationis
1016 1845 1168 1932 particu·
1265 1845 1269 1857 ‘

20 1959 22 1990 :
61 1937 69 1953 ‘
111 1932 179 1996 lum
207 1930 505 1994 demonstravimus
536 1953 570 2018 p.
595 1934 649 1996 29.
676 1951 738 1994 nec
766 1929 964 1994 assentimur
987 1931 1096 1997 Herzo
1121 1929 1166 2010 iu,

20 2055 22 2058 -
114 2018 169 2103 qui
185 2015 226 2080 ad
247 2016 338 2081 Caes.
353 2015 391 2080 B.
408 2017 470 2080 civ.
490 2023 523 2098 1λ
540 2025 569 2082 1.
587 2013 760 2102 supposita
781 2011 1021 2102 significatione
1042 2041 1106 2106 pro
1133 2017 1166 2082 i-

114 2104 231 2182 bium,
258 2099 342 2166 dixit
358 2122 491 2188 semper
508 2101 574 2167 hoc
592 2099 792 2169 vocabulum
808 2121 885 2166 cum
902 2100 1048 2188 quodum
1063 2102 1166 2172 enimi

115 2188 242 2256 effectu·
255 2186 478 2274 pronuntiari.

224 2304 326 2376 Vir-gil.
340 2307 407 2360 lien.
422 2305 448 2371 2,
464 2302 525 2359 544.
542 2305 669 2374 telumque
684 2304 786 2361 imlelie
800 2305 858 2360 sine
871 2306 927 2360 ictu
946 2306 1069 2362 coniecit.-
1086 2324 1167 2362 reuec

179 2393 248 2464 qued
259 2392 377 2462 protinus
391 2407 448 2444 aere
461 2393 594 2461 repulsum
610 2395 637 2444 et
654 2408 754 2447 nummu
769 2392 846 2462 clipei
863 2392 1037 2462 nequidquam
1057 2393 1167 2448 umdaue
1231 2446 1233 2449 .

158 2467 313 2549 pependit.
347 2465 462 2529 Servius
476 2478 649 2547 nequidquam
664 2493 716 2546 pre
734 2495 787 2532 neu
802 2476 940 2546 accipiens
961 2475 1097 2532 nonsatis
1117 2496 1166 2532 re-

115 2612 118 2621 ,
181 2561 307 2631 putavit,
331 2560 386 2616 dici
408 2578 461 2614 nun
487 2561 623 2631 potuisset
654 2564 742 2617 telum
759 2579 814 2616 neu
837 2561 967 2632 pependit
996 2579 1030 2618 er
1058 2580 1165 2618 summu

182 2647 275 2718 clypei
292 2649 419 2702 unisone.
452 2647 509 2702 Nee
529 2647 619 2702 certe
633 2646 748 2702 meliors
771 2655 935 2718 argumente
952 2647 1054 2702 rettulit.
1087 2649 1166 2704 Dici-

181 2737 226 2786 tur
246 2737 339 2786 eutem
353 2733 438 2786 telum
457 2749 490 2786 ex
513 2749 619 2786 summo
639 2733 758 2785 umbone
777 2732 941 2800 pependisse
957 2732 1037 2788 irrite
1051 2733 1165 2805 impetn,

180 2815 368 2886 nequidquam
392 2819 421 2872 Ιι.
438 2835 463 2871 e.
483 2819 605 2884 frustm,
623 2823 744 2882 temere,
760 2816 899 2874 emissum.
933 2818 1037 2891 Georg.
1058 2820 1085 2886 1,
1104 2819 1167 2877 4⁰2.

181 2904 241 2956 selis
255 2911 281 2956 ct
293 2921 411 2958 occasum
421 2921 527 2958 seruans
541 2905 573 2956 de
587 2903 697 2957 culmine
713 2921 812 2956 mmmu
824 2887 997 2974 nequidquam
1006 2921 1075 2959 rerer
1090 2921 1166 2960 ecer-

183 2995 328 3044 cetnactua
341 2973 443 3042 euntes}
477 2989 569 3042 Etiam
589 2987 638 3040 hie
653 2987 761 3042 iulliinr
775 2987 900 3041 Servius.
934 2988 1044 3058 Optime
1065 3007 1166 3058 perce-

182 3073 224 3144 pit
234 3073 397 3127 sententium
405 3072 545 3144 Heyniuse
565 3074 737 3142 nequidquam
746 3073 883 3142 coniunge
900 3089 962 3126 cum
977 3083 1083 3140 eceeect,
1100 3075 1128 3128 lt.
1143 3093 1168 3130 e.

142 3173 147 3180 '
182 3158 286 3214 assidui
303 3139 420 3212 noetuiee
438 3158 588 3212 invidiosae
604 3165 700 3236 eqntus
717 3175 771 3212 nen
789 3159 900 3211 eilieere
914 3163 1041 3233 possunt,
1060 3166 1092 3213 nt
1112 3177 1168 3214 neu

184 3249 296 3298 meneut
311 3261 438 3298 serenum
461 3245 578 3298 eaelum.
611 3245 702 3299 Pluut.
718 3243 795 3297 Triu.
819 3241 846 3309 4,
859 3244 887 3310 2,
902 3243 963 3296 131.
996 3261 1045 3300 cu.
1080 3246 1168 3300 Clear-

114 3363 117 3377 ·
182 3315 409 3400 mideeegasum.
444 3347 485 3382 sn.
520 3331 702 3400 Nequidquam
722 3331 806 3384 terete
821 3347 863 3382 ese
880 3347 944 3383 num
959 3329 1026 3382 nihii
1045 3331 1106 3382 auri
1121 3333 1168 3396 fe·

185 3432 221 3468 re.
255 3417 390 3468 Honeste
409 3415 513 3467 trustra
528 3414 611 3483 fingis
628 3420 655 3468 te
670 3414 848 3468 Charmidem
867 3431 934 3478 esse.
969 3414 1010 3466 De
1027 3413 1090 3468 loce
1110 3414 1167 3470 (iic.

183 3501 267 3554 Tunc.
281 3499 307 3564 1,
321 3498 366 3564 31,
380 3497 424 3564 ii.
444 3499 578 3555 u‘criticis
592 3501 658 3556 eutis
672 3499 811 3554 subtiliter
826 3505 868 3556 cst
886 3499 1063 3566 disputatum.
1136 3524 1149 3550 s

199 3657 230 3718 2.
267 3651 360 3716 Hune
385 3673 462 3717 vero
484 3655 688 3740 primitivam
708 3648 984 3740 significationem
1011 3672 1089 3716 usus
1112 3675 1168 3719 re·
1269 3713 1274 3729 q

127 3737 269 3818 strinxit,
293 3749 326 3802 et
347 3737 388 3802 ad
412 3759 514 3804 unum
533 3742 708 3804 notionem
730 3737 990 3803 efficienduerei
1017 3739 1167 3805 contulit.

126 3823 222 3910 Atque
237 3825 274 3888 in
289 3847 327 3888 ea
344 3824 574 3911 nequidquam
592 3837 623 3890 et
641 3825 845 3912 nequiquam
860 3823 1070 3912 aequabiliter
1083 3846 1168 3889 eon-

128 3911 288 3992 gruebent‚
310 3909 403 3980 sicuti
423 3911 557 3997 aliquid
572 3923 604 3975 et
623 3911 739 3997 aliqua
760 3911 800 3973 nd
817 3932 916 3978 unum
932 3912 1096 3976 rationem
1111 3934 1169 3974 ee·
1271 3962 1273 3969 ,

130 3993 230 4060 deunt:
256 3996 345 4060 unde
360 3995 485 4064 fectum
503 3997 643 4074 videtur,
665 4007 702 4060 ut
717 4007 857 4082 utruque
872 3996 983 4062 forme
995 3995 1089 4063 idem
1105 4017 1167 4060 ex-

129 4081 331 4162 primeretur.
373 4083 462 4148 Huee
482 4083 583 4170 igitur
607 4081 767 4146 vocabula
792 4105 854 4168 per
879 4083 992 4148 emnia
1013 4091 1169 4168 tempora

130 4173 223 4235 unum
246 4169 435 4236 habuerunt
458 4191 569 4234 usum.
610 4169 801 4254 Significant
822 4167 873 4248 id,
895 4169 985 4256 quod
1010 4179 1099 4242 curet
1118 4164 1168 4232 ci·
