2854 4750
468 331 556 398 use
571 366 615 383 -·
632 327 821 436 orionus:
959 431 962 440 1
1112 333 1173 399 us

122 527 177 573 re:
201 499 283 571 illud
300 521 372 566 esse
388 501 483 569 nieht
498 501 646 574 einmal.
669 501 734 566 boc
752 501 825 566 und
848 522 944 568 zwur
966 499 1084 576 nicht,
1100 500 1173 566 und

123 611 221 656 secur
248 587 338 652 arrad
364 587 469 657 nieht.
511 589 570 652 His
596 587 760 653 contraria
783 584 976 652 Waltherus
1003 587 1045 652 ad
1065 586 1173 654 Tacit.

122 678 209 742 Hist.
229 678 323 754 1,66.
342 683 374 737 et
389 676 475 738 Anu.
490 674 522 756 4,
537 675 608 740 85.=
630 695 693 740 nec
713 670 852 762 quidem
874 695 943 738 esse
968 673 1057 737 uncle
1079 673 1174 738 nicht

123 759 275 840 einmal,
308 768 340 822 et
361 759 491 856 gravius
513 781 632 848 negare
656 781 754 844 quam
777 755 1039 846 nee-qaidem.
1084 760 1175 823 Goe-

123 847 257 914 rencius
275 844 316 908 ad
333 843 401 908 Cic.
418 845 564 910 deridet.
582 868 615 933 p.
630 849 701 910 152.
719 844 939 910 diversitatem
955 843 1097 930 agnovit,
1117 845 1174 910 sed

126 931 350 1022 quidemesse
369 929 452 994 dixit
467 955 570 996 sune:
592 931 680 1018 quod
696 929 841 994 alienum
856 940 917 996 est.

208 1082 413 1168 Principium
439 1082 638 1169 quaestionis
660 1079 695 1146 in
718 1103 758 1146 eo
783 1082 931 1168 positum
957 1081 1106 1167 videtur,
1135 1091 1174 1146 ut

126 1167 377 1234 demonstretur
403 1191 464 1234 nec
484 1205 527 1218 ·-
555 1162 692 1254 quidem
724 1177 813 1232 recte
838 1168 902 1232 dici
926 1190 988 1256 pro
1012 1180 1045 1238 et
1065 1191 1109 1233 ne
1129 1201 1174 1218 -·-

126 1248 288 1342 quidemr
313 1253 408 1340 ¹quod
433 1275 515 1318 unus
533 1251 716 1318 Beneckius
739 1253 780 1317 ad
803 1252 919 1342 Iqstin.
941 1276 977 1341 p.
1002 1259 1075 1318 120.
1101 1251 1204 1318 for-¹
1266 1308 1268 1316 ,

126 1342 205 1406 titer
230 1341 362 1428 negavit
390 1349 488 1426 atque
510 1361 572 1404 nec
607 1360 669 1427 pro
694 1349 726 1402 et
747 1362 835 1416 non,
860 1338 968 1404 etium
989 1361 1059 1404 nore
1079 1341 1175 1428 posi-

52 1441 55 1451 '
127 1435 201 1492 tum
229 1415 389 1491 censuit*
419 1423 536 1508 Qualis
561 1445 639 1489 vero
669 1417 750 1488 fides
774 1425 832 1504 iis,
863 1427 945 1510 quae
969 1423 1010 1488 de
1031 1424 1175 1510 antiquis

126 1511 222 1578 libris
255 1519 450 1588 narrantur,
496 1507 653 1576 habenda
676 1508 737 1590 sit,
774 1507 943 1574 luculento
974 1509 1175 1576 documento

129 1606 299 1664 monstrat
322 1595 392 1660 Liv.
415 1601 469 1675 31,
483 1599 533 1672 81,
556 1601 608 1661 10.
638 1593 696 1659 ubi
721 1615 825 1681 quum
848 1593 1178 1662 Bekkerus'dixisset
1210 1595 1212 1602 ’

129 1703 249 1747 omues
291 1681 419 1746 codices
449 1680 606 1768 praebere
642 1703 704 1744 nec
741 1679 792 1746 vel
824 1703 930 1769 neque
959 1707 1009 1734 -·
1031 1681 1179 1768 quidem,
1277 1712 1284 1729 κ

10 1807 11 1814 1
128 1789 219 1836 nune
234 1765 447 1858 Kreyssigius
468 1790 500 1856 p.
520 1767 591 1831 143.
616 1775 771 1846 testatur,
794 1766 828 1830 in
856 1767 931 1832 cod.
950 1765 1178 1855 bambergensi

129 1849 295 1940 seriptum
313 1873 383 1918 esse
407 1875 461 1918 ae.
504 1851 542 1916 In
563 1851 712 1938 plurimis
728 1851 816 1916 enim
831 1851 929 1918 libris
940 1855 1177 1938 compendium

130 1961 174 2006 nc
197 1948 231 2002 et
252 1961 296 2002 ne
323 1935 426 2002 oculis
457 1939 512 2002 vix
543 1933 697 2022 distingui
725 1947 877 2024 possunt.
928 1938 1038 2018 Quare
1067 1940 1102 2005 in
1133 1939 1175 2004 iis
1214 1990 1219 2000 .

130 2019 371 2110 scriptoribus,
393 2037 538 2110 quorum
555 2021 677 2109 scripta
694 2044 762 2086 non
776 2022 917 2108 antiquis
936 2023 1178 2113 exemplaribus
1289 2022 1292 2028 ’

130 2116 284 2191 exstant,
317 2130 449 2196 semper
471 2107 616 2173 monebit
649 2106 859 2172 dubitationis
887 2129 1011 2174 caussa.
1061 2107 1179 2197 Neque

130 2205 266 2276 tantum
284 2195 318 2258 in
335 2196 454 2258 eonion
480 2189 571 2258 endis
586 2194 773 2271 sententiis,
795 2191 852 2258 sed
870 2195 967 2259 etiam
986 2195 1021 2259 in
1038 2194 1077 2260 iis
1102 2217 1177 2260 me-

132 2277 196 2346 diis
213 2219 590 2366 substitueruntiibrarii
607 2300 705 2344 suum
719 2301 799 2344 nec.-
827 2276 870 2344 cf.
893 2280 961 2345 Cic.
990 2279 1031 2345 de
1051 2277 1120 2346 off.
1147 2285 1178 2362 t,

133 2367 186 2445 115,
203 2371 259 2432 28.
294 2387 328 2452 p.
345 2361 444 2430 dreh.
469 2365 500 2438 5,
526 2369 578 2430 10.
610 2363 666 2428 ubi
697 2364 826 2430 codices
854 2363 1021 2430 inferioris
1051 2365 1179 2431 ordinis

131 2460 267 2518 serrant
281 2473 344 2515 ne.-
363 2473 460 2540 saepe
477 2451 573 2515 etiam
591 2448 727 2536 quidem
741 2449 943 2532 adiecerunt,
959 2447 1101 2539 simplici
1115 2473 1178 2518 nee

131 2559 205 2604 non
228 2532 386 2602 contenti.
429 2534 474 2601 cf.
491 2530 560 2602 Cio.
583 2537 624 2599 de
641 2535 708 2600 Off.
725 2541 757 2610 8,
777 2539 810 2614 t,
829 2541 880 2602 17.
922 2537 1089 2604 Praetereo
1116 2559 1181 2602 ne«

134 2645 227 2690 cesse
242 2631 309 2702 est,
332 2631 456 2686 veteres
471 2622 647 2708 scriptores
665 2643 870 2686 secernamus
892 2644 909 2686 a
928 2619 1179 2706 recentioribus,
1273 2653 1275 2662 .
1298 2622 1303 2632 ’

132 2711 192 2797 qui
209 2707 250 2772 ed
266 2706 359 2772 illum
378 2728 473 2772 usum
492 2707 583 2772 verbi
599 2730 661 2771 nee
675 2707 814 2794 propius
839 2707 1053 2790 accedebant,
1078 2729 1179 2796 quem

133 2792 226 2882 apud
245 2792 485 2869 recentissimos
511 2801 722 2890 pervagatum
741 2793 903 2866 ,videmus
924 2811 926 2816 ·
946 2794 995 2858 De
1018 2795 1179 2860 veteribus

132 2881 199 2946 boc
222 2877 357 2965 quidem
383 2888 529 2941 constntt
566 2877 880 2962 ubrexprirnendus
904 2889 971 2943 erat
995 2880 1179 2968 negationis

133 2966 332 3044 adscensus,
361 2974 486 3028 veteres
509 2985 578 3028 non
601 2961 761 3026 modain
785 2963 893 3028 media
922 2965 1091 3044 oratione,
1121 2965 1179 3030 sed

132 3051 235 3118 etiam
257 3049 293 3114 in
319 3047 525 3137 adiungenda
552 3048 711 3113 sententia
736 3047 890 3112 dixerunt
908 3068 951 3114 ne
965 3085 1009 3098 —
1026 3050 1180 3138 quidem:

132 3157 214 3208 nam
243 3137 408 3208 uectium
435 3135 469 3199 in
494 3133 565 3198 eliis
589 3131 760 3198 sententiis
780 3133 934 3199 addendis
958 3157 1027 3200 non
1057 3137 1181 3202 inserta

134 3219 256 3309 copula
273 3229 336 3306 p'ro
353 3242 419 3284 neu
435 3219 545 3284 locum
562 3218 728 3296 obtinere,
750 3217 783 3283 id
808 3221 873 3284 iam
899 3221 1040 3306 exposui
1086 3223 1179 3288 .55.r

133 3327 341 3394 quamquem
368 3303 493 3370 librarii
517 3305 714 3391 plerumque
743 3302 818 3368 ideo
848 3246 1086 3370 substituerunb
1108 3327 1180 3386 nee,

114 3400 359 3459 'ut'neoterent
375 3392 574 3456 orationem.
617 3388 681 3453 Sed
699 3387 844 3466 Florum,
862 3390 1069 3467 Suetonium,
1082 3387 1181 3455 Iusti·

134 3498 235 3552 num,
261 3475 370 3562 etqui
394 3487 471 3562 post
487 3497 542 3540 eos
566 3477 736 3553 vixerunt,
761 3497 824 3540 nee
840 3493 915 3538 oum
939 3474 1074 3562 quidem
1097 3497 1181 3540 con-

134 3561 301 3639 iunxisse,
324 3561 405 3625 adeo
423 3561 458 3625 in
473 3561 579 3627 medis
596 3561 761 3638 oratione,
784 3581 884 3625 nemo
900 3559 935 3624 in
954 3561 1091 3626 dubium
1117 3585 1180 3627 vo-
1267 3591 1270 3594 ·

135 3647 244 3724 rabit,
269 3645 324 3710 ubi
341 3647 540 3733 reputarerit
555 3645 613 3710 iiio
628 3645 758 3710 saecuto
773 3667 834 3710 nec
854 3668 918 3732 pro
938 3656 971 3710 et
990 3668 1050 3722 ue,
1073 3647 1181 3713 etium
1309 3640 1311 3652 ’

135 3755 181 3800 ne
207 3741 380 3818 acceptum
403 3754 484 3797 esse.
542 3730 606 3794 Sed
630 3745 672 3796 ne
695 3729 735 3795 ab
760 3728 812 3794 his
836 3730 970 3817 quidem
992 3733 1180 3804 auctoribus

136 3816 296 3882 omnibus
314 3827 404 3882 certe
420 3813 693 3904 testimoniapeti
711 3827 862 3902 possunt.
904 3812 990 3882 Nam
1015 3815 1050 3884 in
1073 3819 1181 3884 Colu-

134 3903 257 3968 mellas
289 3901 382 3966 libris
408 3902 529 3966 multos
552 3901 644 3965 loeus
672 3901 823 3967 codicum
847 3903 1039 3969 auctoritate
1064 3924 1182 3970 emen-

136 3987 209 4054 dari
227 3987 361 4062 debere,
384 3987 579 4052 monstravit
594 3985 849 4052 Drakenborch.
866 3987 906 4052 sd
928 3988 998 4055 Lir.
1016 3995 1179 4068 1,10,3.=
1208 4014 1219 4038 ¹

135 4075 172 4138 in
196 4072 290 4138 libris
319 4071 440 4138 Valerii
463 4071 621 4151 Maximi,
650 4071 685 4136 in
708 4070 826 4158 quibus
849 4072 1034 4138 Torrenius
1066 4075 1181 4139 omni·
1235 4149 1237 4154 ,

139 4159 200 4226 bus
218 4155 289 4226 fore
308 4157 390 4225 locis
406 4156 624 4254 perscripsit,
639 4155 820 4224 Seebodius
835 4157 1025 4240 (crisffitt.
1040 4181 1069 4226 a.
1085 4161 1181 4225 1819.
