2854 4750
477 304 578 372 NEC.
622 303 787 387 NEQVE.
1103 315 1165 380 105

169 483 249 531 raus,
263 468 360 546 spatio,
379 475 443 528 certi
457 447 521 544 quid
534 481 610 541 erret,
626 477 758 548 explorari
773 485 886 548 pamm.
903 475 924 534 i.
937 495 962 532 e.
980 461 1047 536 aare
1061 441 1166 552 defia-

170 563 281 616 ortanae
295 561 396 614 werden
410 560 510 614 tonan
584 579 590 592 ¹
859 556 863 566 '

205 663 276 718 Sunt
298 661 462 732 scriptores,
482 662 530 731 qui
547 681 643 733 aeque,
663 670 695 718 ut
717 665 843 730 videtur,
871 665 907 718 ab
929 666 1072 733 vocalem,
1090 686 1163 739 qne
1279 719 1282 729 .

172 747 319 816 sequitur,
336 765 437 832 ponere
452 747 596 815 solebant,
613 749 697 805 etiam
713 751 762 804 abi
779 747 893 820 gravior
915 757 976 804 erat
997 769 1092 806 rerum
1115 771 1168 823 ‹sp-⁴

173 832 347 902 1011110111
365 833 464 900 quibus
480 841 523 888 ert
539 843 637 890 auctor
655 836 704 889 ille
722 835 756 890 de
770 835 829 888 rita
844 837 943 890 excell.
965 835 1094 908 imperat.
1116 839 1166 892 lli-

175 917 210 971 110
226 919 355 989 exempla
368 935 386 974 a
401 919 514 973 Bremia
529 920 565 974 ad
584 923 668 992 Ager.
684 921 710 986 1,
723 919 750 974 t.
768 921 893 975 collecta.
1166 919 1168 928 ‘

191 1075 243 1138 13.
266 1069 339 1138 Nec
354 1069 420 1162 pro
436 1075 583 1160 necdum
598 1075 663 1148 dici
677 1073 779 1140 critici
797 1057 1028 1144 demonstrant
1049 1099 1167 1142 exem-

103 1153 164 1242 plo
185 1157 316 1246 Virgilii
330 1161 413 1224 Aen.
431 1165 482 1240 11,
500 1166 575 1227 881.
595 1183 681 1250 qnae
705 1160 828 1242 (verba)
850 1171 924 1224 tuto
946 1159 1011 1226 tibi
1032 1185 1168 1252 magua

103 1241 243 1318 volunt,
275 1243 359 1308 dum
381 1243 525 1312 distinet
555 1247 685 1313 bostem
714 1269 830 1335 agger
862 1267 1078 1334 moerorum,
1104 1271 1167 1314 nec

104 1327 282 1394 trameant
307 1330 480 1418 sauguine
500 1329 635 1421 fossae.
695 1335 740 1399 At
771 1333 956 1420 praemisso
985 1333 1068 1396 dum
1096 1356 1168 1400 11011

105 1433 195 1498 opus
212 1425 261 1480 est
281 1415 503 1504 intelligamus
524 1419 559 1482 in
585 1418 686 1485 altera
709 1430 803 1506 parte
827 1419 1062 1486 enuntiationis
1086 1443 1168 1486 uec·

104 1497 203 1591 duni.
247 1501 332 1566 Satis
349 1512 399 1566 est
413 1504 560 1593 simplex
579 1503 739 1593 negatio(

70 1681 79 1693 ·
194 1641 247 1706 11.
274 1641 452 1708 Adscendit
476 1644 583 1710 oratio
600 1667 662 1733 per
684 1667 747 1710 aec
769 1644 810 1721 ad
840 1643 892 1718 id,
922 1643 1013 1730 quod
1037 1645 1168 1731 gravius

109 1727 300 1877 authgraius
324 1739 392 1810 est,
422 1730 479 1798 ubi
504 1753 568 1798 uos
592 1731 751 1818 ambiguo
775 1731 877 1816 verbq
909 1730 1050 1796 dicimus
1080 1732 1169 1796 auch

108 1835 167 1876 nee
207 1856 219 1877 .

158 1922 162 1925 ’
215 1929 273 1986 cte.
287 1933 372 1998 dead.
386 1935 413 2001 2,
427 1931 472 2002 tt,
487 1936 547 1990 tao.
567 1937 704 2006 sapiensne
717 1954 770 1990 aaa
785 1935 897 1989 timent?
913 1953 961 1988 aee
974 1935 998 1988 si
1016 1937 1109 2006 patric
1121 1937 1169 1992 de-
1258 1987 1262 1994 a

177 2017 287 2073 lectar?
302 2039 354 2074 aon
367 2023 455 2077 1101001
463 2061 472 2090 ,
489 2040 535 2076 nee
553 2021 678 2076 sideletc
693 2022 737 2077 rit.
771 2020 819 2073 ubi
837 2019 1015 2074 Goerenzius.

147 2201 152 2209 ·
197 2173 250 2236 15.
272 2169 414 2238 Gravior
429 2195 536 2262 quum
556 2174 677 2238 inesset
692 2172 727 2238 in
743 2195 804 2238 nee
819 2181 964 2268 pqtestas
981 2193 1083 2259 eaque
1099 2171 1169 2238 dif-

109 2253 216 2321 ferret
235 2255 275 2322 ab
295 2259 395 2324 altera
412 2259 523 2326 forma
543 2281 649 2350 neque
660 2305 670 2336 ,
691 2257 764 2324 lieri
789 2267 939 2345 poterat,
961 2267 998 2321 ut
1022 2281 1083 2322 nec
1104 2281 1169 2346 pro

110 2365 155 2407 ne
168 2343 366 2430 -quidem
381 2349 464 2432 poni
488 2346 661 2412 videretur.
704 2344 738 2408 ld
767 2365 870 2430 quum
893 2342 1105 2408 Burmannus
1130 2343 1171 2408 ad

112 2428 251 2492 Sueton.
265 2431 348 2520 Aug.
365 2434 418 2498 85.
442 2433 574 2498 Cortius
597 2429 639 2496 ad
665 2431 799 2495 Sallust.
824 2427 893 2515 lag.
909 2435 962 2510 81,
978 2435 1010 2494 8.
1034 2427 1173 2493 Ouden-

112 2513 251 2601 dorpius
269 2516 309 2580 ad
326 2518 419 2582 Caes.
434 2517 516 2583 Bell.
527 2506 588 2582 civ.
607 2521 709 2596 3,·18.
733 2507 884 2581 Biemius
902 2511 943 2579 ad
960 2516 1029 2580 Cic.
1045 2515 1086 2580 de
1101 2515 1172 2581 lin.
1266 2540 1271 2552 ¹

115 2607 145 2678 1,
163 2607 214 2666 11.
237 2600 481 2685 observassent,
503 2596 716 2690 pertinaciter
733 2601 864 2688 negavit
882 2600 1027 2666 Wolfius
1041 2611 1092 2676 et,
1115 2601 1173 2688 qui

113 2707 192 2750 eum
218 2689 457 2774 sequebantur,
480 2690 546 2754 alii.
589 2687 639 2754 De
659 2711 721 2752 usu
746 2692 951 2776 scriptorum
978 2688 1172 2774 posterioris
1214 2695 1218 2714 ³

113 2771 229 2837 aetatis
248 2773 339 2840 nulla
359 2785 407 2840 est
427 2773 607 2855 dubitatio,
630 2795 832 2861 quamquam
847 2773 936 2860 apud
960 2795 1016 2838 eos
1041 2791 1174 2860 quoque
1241 2849 1243 2860 1

109 2875 288 2923 ‘caveamus
307 2881 437 2926 neeesse
452 2872 517 2942 est,
540 2883 581 2926 ne
602 2859 753 2948 exempla
773 2870 829 2924 aut
844 2859 926 2924 falsa
942 2871 998 2924 aut
1015 2860 1078 2923 alio
1094 2881 1174 2924 mo·
1216 2931 1219 2935 ,

114 2944 374 3040 do-explicanda
391 2945 458 3011 huc
476 2945 700 3015 conferamus.
741 2945 826 3010 Nam
851 2945 875 3010 ii
891 2945 975 3023 loci,
995 2945 1029 3010 in
1053 2945 1173 3032 quibus

113 3029 235 3096 neceb
252 3031 347 3117 initio
362 3033 542 3099 sententiae
559 3031 706 3120 positum
733 3028 851 3095 fortius
869 3042 966 3118 negat
988 3053 1088 3118 quam
1110 3054 1175 3096 nee
1250 3039 1251 3043 ’

115 3137 198 3204 que,
222 3123 296 3181 non'
308 3117 349 3184 ad
369 3119 455 3183 hanc
472 3140 619 3182 caussam
636 3119 794 3198 attinent,
816 3115 917 3181 veluti
935 3116 1076 3198 Quintil.
1091 3118 1124 3197 4,
1141 3121 1175 3199 2,

116 3203 178 3266 98.
201 3226 264 3267 nee
284 3204 348 3270 1100
373 3205 465 3270 euim
488 3217 554 3290 eat,
576 3203 634 3292 qui
655 3213 769 3290 neget.
811 3201 941 3266 Tamen
966 3201 1077 3288 negari
1104 3223 1175 3266 11011
1259 3262 1263 3272 s

117 3289 262 3374 poterit,
292 3277 469 3376 aliquando
491 3290 588 3354 illurn
614 3309 710 3353 usum
732 3289 766 3352 in
790 3285 890 3352 latina
920 3288 1033 3435 lingua
1063 3285 1174 3362 fuisse,

117 3371 177 3438 sed
193 3372 310 3468 referri
327 3375 446 3442 debere
464 3375 504 3438 ad
522 3375 689 3464 singulare
711 3373 915 3460 scriptorum
942 3396 978 3438 ar
1003 3373 1115 3436 itrium
1137 3393 1176 3438 ac
1242 3448 1244 3453 ,

118 3461 405 3527 consuetudinem.
450 3462 567 3530 Cicero
588 3471 620 3526 et
636 3462 755 3526 Caesar
774 3481 855 3523 num
878 3460 923 3524 ita
947 3457 1078 3544 loquuti
1098 3459 1176 3537 sint,

119 3543 265 3626 dubitari
282 3547 410 3621 licebit,
432 3563 502 3612 uon
525 3543 648 3633 negari.
691 3547 868 3632 Zumptius
891 3542 932 3608 ad
948 3543 1080 3610 Verria.
1097 3544 1130 3623 5,
1144 3547 1177 3625 5,

119 3637 177 3698 11.
207 3643 295 3698 certe
318 3635 353 3698 in
380 3633 585 3698 orationibus
612 3633 808 3699 Ciceronem
829 3651 895 3695 non
924 3631 969 3695 ita
995 3631 1176 3718 loquutum

118 3739 190 3782 esse
207 3721 349 3784 monuit.
390 3719 507 3806 Neque
530 3741 592 3806 ego
608 3719 641 3784 iu
659 3717 697 3782 iis
716 3715 822 3790 ullum
848 3717 1042 3803 exemplum
1066 3715 1177 3781 inveni
1211 3731 1214 3754 ¹

118 3804 381 3890 praeterlocum
398 3805 608 3880 ,Catilinariue
631 3801 814 3880 secundae,
833 3801 874 3866 d'e
902 3823 967 3888 qua
990 3804 1062 3890 ipsa
1085 3801 1178 3876 mul-

12 3929 13 3934 1
117 3901 193 3952 tum
218 3891 414 3980 ambigitur,
444 3890 627 3956 admodum
653 3889 829 3954 incertum.
868 3888 977 3954 Etiam
1009 3887 1096 3973 opud
1117 3909 1179 3950 co·-

118 3976 227 4056 miens
251 3979 454 4064 antiquidres
475 3976 598 4042 frustra
631 3997 768 4062 quaeres
790 3975 958 4056 exempla.
1010 3973 1120 4038 Livius
1141 3971 1178 4044 in

119 4084 191 4128 uno
213 4073 343 4140 tantum
368 4064 463 4139 loco,
483 4062 540 4129 sed
564 4085 635 4126 non
662 4069 793 4138 testato,
815 4061 859 4126 ita
886 4061 1005 4125 dixisse
1032 4059 1176 4138 videturc
1278 4113 1282 4120 .

119 4169 231 4236 neque
259 4149 360 4239 'apud
393 4159 515 4238 poetas
533 4148 629 4230 obuia
659 4157 737 4224 sunt
761 4157 837 4226 ante
858 4145 1063 4236 Martialem,
1077 4161 1178 4252 ¹quus
