2876 4752
600 300 709 416 aisn
1126 351 1190 420 esa

131 522 240 587 visum
266 527 334 592 est,
366 527 539 607 usurpate.
581 519 634 586 Cf.
659 515 749 584 Paul.
772 515 904 584 Mannt.
929 517 970 584 ad
993 517 1061 586 Cio.
1081 519 1188 607 Epist.

130 607 213 673 fam.
239 611 290 684 13,-
313 611 343 669 1.
375 606 451 672 Ald.
474 605 603 672 Manut.
624 603 667 672 ad
691 603 823 670 Sallust.
847 603 919 693 lug.
940 607 991 672 24.
1013 605 1188 674 Drakenb.

129 693 172 762 ad
199 691 272 758 Lir.
294 691 357 774 24,
384 697 515 775 20,10.

232 818 346 874 Terent.
363 817 478 872 Phorm.
494 815 521 885 5,
537 816 565 884 8,
582 814 627 870 59.
643 835 695 886 quo
708 821 788 888 poeto
802 824 848 870 out
870 817 941 870 uncle
964 816 1029 869 bueo
1052 817 1094 871 tto
1110 821 1189 873 rosei·

140 951 143 954 .
199 903 263 959 eit?
286 919 313 955 o.
328 903 437 957 Nesciat
471 905 523 956 aiei
546 921 588 956 me
602 903 697 955 dixisse
713 903 812 956 nemini
821 939 829 966 ,
853 901 881 956 id
895 909 965 955 oerto
980 903 1043 954 reio.
1059 903 1085 968 3,
1103 905 1189 970 1,1tt.

197 986 284 1044 Andr.
302 985 329 1052 4,
349 987 438 1062 1,,89.
455 985 533 1045 Adel.
547 984 575 1053 4,
591 985 619 1052 5,
638 985 682 1040 54.
705 985 808 1040 Heeul.
824 986 851 1053 3,
869 985 896 1052 2,
915 977 959 1040 81.
986 987 1044 1040 cte.
1063 1007 1090 1059 p.
1106 991 1188 1043 Raso.

198 1073 262 1128 Am.
280 1071 324 1136 85,
340 1072 384 1125 99.
420 1072 469 1126 ubi
487 1071 633 1125 Matthiae.
657 1071 770 1124 Terent.
787 1071 860 1126 Hoc.
877 1072 904 1138 1,
920 1069 947 1138 2,
963 1073 1023 1125 11³.
1042 1076 1104 1142 quid
1121 1093 1188 1146 ege-

198 1157 386 1220 finitumae,
402 1157 518 1210 nondam
535 1158 614 1209 etium
637 1157 706 1210 reios
731 1156 785 1210 nisi
803 1171 867 1208 eune
887 1175 968 1211 carae
991 1166 1190 1230 est‚··qaorsam

198 1250 347 1298 eventuram
361 1241 409 1293 lieo
422 1240 480 1293 siet.
498 1240 520 1294 i.
535 1259 561 1310 q.
578 1241 626 1295 serl
640 1258 706 1294 sene
720 1257 805 1294 auree
827 1245 878 1294 est.
912 1241 1025 1296 Terent.
1045 1242 1146 1300 lleoot.
1161 1245 1188 1316 4,

197 1327 225 1394 2,
245 1325 289 1380 45.
305 1326 407 1382 nescim
422 1325 475 1380 nisi
489 1343 519 1380 er
533 1327 593 1396 ipso
606 1343 736 1398 quaeras,
750 1327 821 1380 sate
836 1327 906 1380 boae
927 1327 1057 1382 bobuoit.

218 1455 270 1519 17.
312 1449 351 1516 lu
377 1449 488 1518 verbis
518 1449 590 1515 nisi
614 1449 723 1538 quoti,
762 1449 835 1515 nisi
864 1451 947 1539 quio
984 1453 1189 1541 explicandis
1284 1433 1290 1445 .

133 1537 345 1625 grammatici
377 1547 434 1600 aut
470 1536 628 1601 tenebant
659 1535 982 1623 interpretationem,
1016 1549 1188 1627 tamquam
1299 1544 1304 1554 '

132 1643 170 1690 ee
190 1621 414 1711 significarent
438 1619 556 1712 ausser
575 1618 666 1712 dofle,
689 1632 746 1686 aut
773 1620 941 1688 machinas
966 1622 1188 1692 admovebant

132 1709 235 1774 nimie
267 1705 476 1788 artificiosus,
520 1717 574 1787 ut,
615 1729 699 1796 quae
725 1729 899 1796 suppresse
932 1709 1124 1776 viderentur
1153 1713 1189 1778 in

132 1794 301 1873 oratione,
330 1804 500 1858 eruerents
533 1815 611 1858 nam
646 1791 750 1858 modo
779 1803 859 1858 unte
880 1795 1077 1881 particulam
1104 1799 1186 1875 nisi,

130 1877 236 1944 modo
270 1891 351 1968 post
386 1901 459 1944 eam
492 1879 650 1944 omissam
685 1901 753 1944 esse
784 1881 981 1945 sententiam
1020 1881 1188 1948 dicebant.

131 1963 367 2038 Walobiusin
390 1963 461 2030 nisi
485 1965 575 2054 quod
608 1964 777 2028 substituit
795 1966 866 2029 nisi
881 1966 972 2054 quod
988 1967 1061 2032 diei
1072 1980 1187 2054 potest

134 2051 204 2116 sire
234 2049 419 2116 dicendum
442 2063 510 2116 est.-
532 2048 674 2116 Rothiue
699 2061 810 2114 autem
833 2053 1029 2138 ouionmquo
1050 2067 1187 2120 senten·

131 2137 197 2202 tiae
222 2137 319 2202 eliam
347 2137 580 2220 accommodat
603 2135 835 2222 supplendam.
880 2136 1103 2204 Schwartzius
1118 2140 1187 2204 uiri

131 2245 198 2312 pro
222 2223 284 2302 sed
304 2223 465 2310 accipiens
482 2222 634 2287 substitui
649 2223 743 2293 iussit
760 2222 961 2288 eontrarium
978 2227 1188 2303 sententiam,

132 2318 170 2373 ut
193 2307 263 2374 aiei
284 2308 375 2396 quod
403 2319 522 2372 tomen
550 2318 635 2372 esset
654 2329 718 2395 pro
745 2318 988 2373 verumtamen.
1038 2310 1081 2373 At
1102 2331 1187 2396 quae
1231 2367 1252 2394 p,

131 2393 349 2481 suppleantur
381 2394 626 2490 simplipissime
661 2415 733 2458 esse
761 2392 900 2472 debent,
935 2404 968 2457 et
996 2406 1077 2458 sunt
1107 2398 1186 2482 qui-

135 2479 225 2544 dem.
270 2480 374 2543 Verba
393 2480 481 2544 enim
505 2480 576 2544 nisi
598 2477 688 2567 quod
710 2489 915 2544 eontraotem
939 2479 973 2544 in
1005 2501 1040 2544 se
1063 2479 1187 2546 babent

110 2564 224 2630 ‘hanc
247 2565 464 2631 sententioms
483 2589 552 2630 nou
579 2576 640 2646 est,
669 2564 702 2628 ai
734 2564 906 2654 estquod,
943 2566 1011 2630 sire
1030 2589 1097 2631 non
1123 2579 1185 2643 est,

132 2651 223 2716 siin
248 2649 560 2720 considerationem
584 2651 675 2716 venit
698 2650 798 2738 qnod.
856 2651 925 2715 Cio.
951 2652 991 2716 ad
1018 2651 1109 2718 Fam.
1128 2659 1187 2740 Ι18,

134 2741 165 2818 1,
185 2739 218 2802 5.
248 2757 326 2802 oum
354 2736 518 2802 Patrone
542 2735 716 2823 Epicureo
739 2735 826 2800 milri
854 2737 976 2802 omnio
1003 2751 1094 2819 erint,
1116 2740 1186 2804 nise
1289 2779 1294 2787 ι

132 2820 223 2916 quod
247 2822 287 2887 io
307 2821 530 2921 philosophia
557 2823 767 2888 veliementer
787 2819 831 2887 ob
854 2845 893 2888 eo
919 2822 1095 2890 dissentio.
1110 2825 1133 2889 i.
1156 2845 1186 2891 e.

132 2908 190 2974 sed
215 2929 286 2972 non
307 2917 396 2988 sunt,
417 2931 446 2973 ει
470 2918 590 2995 reputo
616 2908 709 2994 quod
729 2917 792 2972 eto.
836 2907 944 2974 Tacit.
968 2910 1056 2974 Anu.
1083 2917 1112 2984 1,
1132 2917 1187 2977 3⁸.
1240 2937 1247 2946 ‘

132 2993 213 3082 ips'o
228 2994 431 3082 Agrippino
440 2993 564 3081 povillo
580 2995 791 3068 commotior,
809 2994 882 3082 pisi
907 2995 998 3082 quod
1021 2996 1187 3063 castitate

132 3091 167 3146 et
185 3080 307 3145 mariti
333 3101 450 3144 umore
475 3079 628 3166 quomis
653 3079 860 3144 indomitum
882 3079 1039 3144 animum
1059 3081 1098 3145 in
1124 3081 1186 3146 bo-

119 3183 217 3232 ·num
233 3163 393 3231 vertebat.
414 3165 556 3254 Supplet
573 3163 766 3230 Waltherus
781 3185 857 3229 oum
879 3163 1025 3231 Rothios
1046 3166 1105 3230 illo
1130 3167 1186 3232 in-

157 3252 232 3330 epio
273 3273 317 3318 ne
369 3251 476 3337 ipsam
526 3249 663 3338 quidem
706 3251 823 3337 culpae
858 3262 1030 3338 expertem
1064 3251 1189 3318 fuisses·

130 3274 301 3403 brusias:
326 3357 483 3422 quaeres
505 3359 575 3402 non
599 3345 732 3424 poterat
753 3357 823 3400 non
845 3335 1007 3400 damnosa
1024 3335 1106 3415 lieri,
1121 3339 1186 3402 nisi

132 3421 299 3488 salubrem
326 3423 604 3510 temperationem
628 3421 693 3486 hoo
717 3421 837 3494 attulit,
863 3421 965 3506 quod.
1009 3420 1187 3488 ‘Falluntur

132 3529 270 3573 omnes:
295 3531 374 3572 nom
391 3508 634 3596 simplicissima
648 3517 699 3572 est
719 3507 805 3572 ratio
833 3505 932 3575 baeer
982 3506 1186 3594 Agrippino

127 3593 252 3681 paullo
274 3595 485 3670 commotior,
509 3594 567 3660 sed
590 3615 660 3658 non
683 3601 753 3657 erat
773 3598 856 3674 (non
882 3593 927 3658 ita
951 3590 1130 3678 dieamus),
1155 3596 1187 3660 si

109 3707 112 3709 ·
133 3689 203 3744 erat
223 3677 262 3759 (si
279 3686 487 3768 reputamus)
508 3677 607 3769 qnod.
650 3677 766 3765 Neque
788 3677 881 3742 aliter
900 3677 971 3743 uisi
991 3678 1083 3765 quio.
1113 3681 1187 3746 Sal·

132 3763 211 3830 lust.
238 3765 332 3830 Orat.
355 3767 460 3830 Licin.
482 3769 516 3846 6.
555 3785 634 3828 uom
656 3763 796 3830 interim
817 3785 911 3828 more
937 3785 1100 3849 pecorum
1129 3788 1186 3832 ros

133 3849 319 3916 multitudo
351 3849 501 3938 singulis
534 3788 712 3916 leobendos
742 3847 984 3938 fruendosque*
1007 3848 1186 3938 praebetis
1214 3893 1216 3902 ι

134 3935 231 4002 exuti
250 3934 416 4014 omnibus,
441 3957 527 4022 quoe
546 3935 696 4000 maiores
716 3935 898 4024 reliquere:
918 3935 990 4019 nisi
1018 3937 1100 4036 quia
1126 3960 1186 4002 oo·

133 4019 255 4086 hiemet
282 4022 368 4109 ipsis
391 4043 460 4120 per
485 4020 678 4113 suffragio,
708 4021 761 4086 uti
777 4019 960 4109 praesides
981 4022 1075 4104 olem,
1094 4045 1185 4088 nunc

133 4105 292 4172 donrirme
317 4105 512 4175 destruatis.
553 4105 618 4172 hoo
635 4117 701 4171 ests
722 4125 795 4173 non
817 4129 876 4172 vos
902 4104 1061 4187 fruendos
1087 4129 1186 4194 prae-

133 4191 238 4280 betis,
259 4193 290 4262 ei
309 4203 370 4282 est,
393 4193 471 4284 quie
492 4191 587 4264 vobis
609 4192 766 4262 dominos
781 4191 968 4266 ‘destinetis-
1008 4195 1116 4282 Atque
1131 4192 1185 4260 bie
