2860 4756
605 327 676 392 uu.
911 315 913 320 '
1125 333 1166 398 45

14 493 18 498 ’
109 495 205 558 etium
227 495 261 556 in
281 497 430 580 negativo
445 497 620 574 sententie,
642 519 725 582 qun,
751 519 793 562 ne
809 497 889 584 quid
903 496 971 570 fiet,
998 499 1167 566 voluntate

109 591 261 656 cavetur,
292 603 335 644 ne
362 581 474 646 locum
498 580 627 648 hubent.
673 583 787 664 Quare
810 584 916 648 miror
941 583 1104 652 Oreliium
1125 587 1166 650 nd

109 667 174 730 Cic.
186 665 280 730 Orut.
295 667 347 741 st,
362 672 431 731 120.
454 667 539 730 hooc
557 667 738 734 dictionem
757 667 925 756 oppetiere
948 691 1032 755 pene
1054 673 1166 737 soloe-

110 775 199 814 eum:
231 773 309 816 nem
332 753 429 816 verbs
447 753 520 818 colo
546 778 588 817 ne
604 755 742 841 ignoret
767 777 837 819 esse
858 755 977 821 debere
1002 757 1075 822 nolo
1098 781 1168 823 non

108 839 257 922 ignoret.
304 837 406 917 Quod
424 840 484 902 nisi
500 842 663 926 occeperis
681 864 742 928 pro
756 841 854 912 volo,
877 853 915 906 nt
932 863 1002 904 non
1018 843 1168 932 ignoret,

108 921 354 992 maledixeris.
379 925 543 988 “Constet
570 939 678 989 autem
703 937 729 992 et
761 947 841 991 usus
864 937 896 992 et
921 927 1018 990 retio.
1067 929 1167 994 Illum

108 1011 172 1072 ium
202 1007 361 1072 docuerat
378 1007 609 1098 Wopkensius
633 1012 719 1076 Lect.
735 1009 827 1076 Tutt.
853 1035 886 1101 p.
901 1017 956 1076 70.
974 1013 1071 1096 (500.
1115 1016 1168 1080 Si-

108 1095 234 1160 militer
257 1097 437 1182 oogitore‚
469 1096 525 1162 ubi
553 1097 594 1160 de
620 1099 758 1163 consilio
783 1097 921 1179 dicitur,
951 1108 1031 1186 post
1049 1123 1085 1166 se
1107 1100 1169 1168 he-

34 1233 36 1238 .
111 1181 167 1243 bet
189 1205 244 1244 ne.

146 1348 149 1357 ,
213 1299 271 1352 Cic.
288 1298 370 1353 Tusc.
390 1298 456 1365 1,8,
473 1298 515 1354 lt.
534 1303 579 1354 red
598 1293 657 1354 nisi
668 1301 731 1372 quid
751 1317 851 1354 nuesse
865 1304 933 1368 crit,
953 1305 1024 1358 meio
1037 1317 1069 1360 rte
1082 1324 1169 1378 reges.
1212 1343 1215 1347 -

177 1385 214 1436 de
229 1384 289 1438 Fin.
307 1383 333 1447 1,
351 1383 376 1448 7,
398 1382 441 1436 tt.
458 1389 547 1440 cettern
562 1383 679 1456 equidem
694 1395 742 1438 eut
759 1388 812 1455 ipse
828 1389 949 1441 doctrinis
959 1390 1056 1456 suisset
1069 1393 1169 1446 iustru-

174 1471 259 1533 ctior,
279 1476 327 1521 out
340 1486 375 1534 ‘ne
391 1470 551 1525 deterruisset
568 1471 634 1522 ulios
651 1489 668 1521 u
686 1471 789 1523 studiis.
823 1472 858 1524 ud
880 1474 936 1529 tu
953 1471 978 1536 l,
993 1471 1019 1524 6.
1036 1481 1066 1526 tu
1083 1477 1168 1540 velim,

176 1557 201 1608 si
221 1572 274 1623 qno
303 1565 454 1608 ornamento
478 1550 662 1626 quureotcidq
693 1557 807 1638 reperire
836 1560 935 1626 poteris
963 1585 999 1602 -
1031 1577 1064 1612 ne
1089 1579 1169 1630 proc-

176 1641 317 1693 terrnittns.
341 1685 342 1688 ,
424 1671 427 1686 ‚

214 1740 274 1792 cic.
292 1721 368 1793 Orat.
386 1737 429 1804 34,
446 1738 504 1792 12θ.
521 1744 598 1807 ceto,
618 1761 652 1795 ne
666 1744 771 1814 ignoret
791 1759 826 1796 no
841 1744 904 1796 tm
923 1746 1028 1816 quidem
1042 1748 1169 1802 tumere.

176 1827 241 1878 Huc
261 1823 390 1878 reiiciens
405 1823 525 1880 Oreltius
540 1845 573 1880 ex
596 1845 649 1882 unu
672 1830 732 1882 cod·
754 1830 816 1882 nolo
838 1829 960 1900 ignorets
984 1833 1055 1902 quod
1078 1821 1168 1902 ipsum

179 1929 234 1964 non
253 1919 294 1962 est
311 1910 420 1963 tut-um.

216 2012 295 2066 cres.
310 2012 380 2066 nott
397 2012 464 2081 gell.
479 2011 507 2078 t,
524 2009 568 2065 tt.
586 2029 619 2068 ne
633 2033 711 2082 quote
726 2017 884 2072 occationem
900 2018 940 2072 rei
957 2020 1017 2072 tene
1035 2024 1168 2090 gereuilw

88 2091 94 2107 '
179 2101 341 2164 dimitteret,
359 2099 505 2168 cogitabat.
524 2097 544 2150 i·
559 2117 584 2152 ο.
604 2117 633 2154 er
650 2101 864 2168 rettuderunt.

195 2258 228 2317 7.
251 2253 358 2320 Verba
378 2251 515 2337 rogandi
533 2263 631 2339 etque
646 2249 782 2330 urendi,
804 2251 961 2318 hortandi
977 2261 1011 2317 et
1027 2254 1169 2318 suaden-

110 2339 163 2418 di,
186 2361 263 2404 oum
282 2350 591 2424 necomponuntur
605 2341 740 2424 tritique
757 2349 791 2402 et
805 2339 934 2426 optimo
957 2359 1035 2418 ueu,
1060 2362 1168 2427 quen-

110 2426 155 2488 do
177 2427 352 2502 sententie,
374 2447 457 2511 quse
472 2425 631 2510 sequitur,
653 2429 722 2490 unu
737 2425 928 2510 cognitione
943 2425 1169 2514 comprehen-

110 2511 212 2575 ditur.
255 2511 395 2575 Nomio
428 2509 532 2598 verbis
554 2516 591 2574 rit
616 2535 685 2576 non
706 2513 838 2596 negotio
862 2521 1032 2601 separetur
1051 2522 1084 2578 et
1109 2511 1169 2576 tri-

109 2597 227 2662 buitur
243 2597 430 2682 preedicoto
450 2596 671 2682 singulariter.

215 2717 328 2770 Terent.
343 2717 393 2768 tt.
409 2715 436 2782 ὁ,
453 2713 479 2781 it,
495 2717 521 2769 l.
542 2720 734 2788 rogctsroter,
750 2733 785 2769 ne
798 2719 880 2770 utens
897 2715 1013 2786 longius.
1047 2715 1107 2768 Liv.
1124 2713 1181 2779 45,

161 2797 227 2864 ²24,
238 2799 265 2854 ὅ.
280 2802 346 2854 ittet
366 2803 504 2870 deprecor,
524 2809 556 2856 tte
573 2819 621 2853 not
631 2809 737 2870 propter
754 2803 813 2854 iiior
827 2819 972 2872 paternus.
1007 2801 1084 2854 curt.
1099 2799 1168 2864 9,,2,

178 2883 225 2942 28.
248 2903 293 2938 ore
315 2903 472 2956 quaesoque,
499 2904 533 2939 ne
559 2887 734 2939 nuetmturuut
762 2903 850 2938 rerum
878 2886 1002 2940 terminos
1032 2887 1169 2941 men
1279 2875 1285 2884 ’

178 2971 363 3024 uitentuum‘-
382 2971 514 3024 deseretis.

218 3073 299 3124 Gens.
319 3072 351 3123 B.
374 3070 427 3124 civ.
448 3071 482 3138 l,
504 3069 547 3125 19.
580 3075 748 3144 horteturque
769 3089 828 3136 eos,
861 3090 893 3126 ne
915 3053 1005 3126 nidmu
1035 3071 1168 3138 deficiunt,

178 3174 298 3226 quaeque
309 3157 369 3208 usui
382 3158 418 3208 ad
432 3158 621 3225 defendendum
636 3161 759 3228 oppidum
770 3158 842 3222 tint,
849 3165 953 3228 parent.
979 3155 1027 3210 ubi
1041 3163 1079 3218 ut,
1095 3155 1169 3221 quod

179 3240 357 3311 grammatici
370 3241 532 3296 adverbum
546 3251 642 3314 peren
661 3261 678 3298 c
695 3240 828 3313 quintine
846 3233 1019 3305 traducunt,
1032 3238 1122 3308 ipsum
1138 3237 1168 3290 in
1192 3225 1211 3246 ⁸

184 3345 217 3380 ne
235 3333 279 3378 est
294 3323 522 3380 substituendum.

109 3461 114 3472 ”
153 3527 158 3545 .
200 3481 231 3542 8.
266 3476 389 3554 Verba,
418 3497 500 3564 quse
521 3489 649 3544 metum
672 3490 704 3542 et
726 3477 982 3544 sollicitudinem
1010 3475 1169 3555 indicent,

111 3582 220 3648 quum
249 3563 409 3650 componi
436 3563 595 3646 debeant,
626 3564 721 3630 sicuti
751 3561 816 3629 ie‘rt
844 3575 960 3628 nutura
992 3564 1167 3628 verborum

110 3648 296 3724 sentiendi,
319 3670 393 3713 cum
418 3651 601 3715 recusative
623 3650 670 3714 rei
695 3651 908 3728 metuendae,
930 3649 1053 3714 mirum
1074 3647 1168 3714 vide-

111 3743 188 3814 tur,
211 3735 301 3820 quod
319 3745 443 3799 etcum
466 3737 757 3800 coniunctionibus
776 3747 928 3802 eventum
951 3733 1168 3822 significanti·-
1190 3775 1193 3789 ι

111 3819 175 3884 bus
191 3821 445 3895 consocientur,
470 3832 501 3886 et
517 3825 550 3888 in
569 3821 628 3886 huc
652 3823 896 3909 compositione
921 3833 958 3886 nt
981 3831 1013 3886 et
1039 3843 1082 3884 ne
1101 3842 1168 3906 po-

110 3919 242 3970 nuntur
258 3908 421 3972 contrariu
436 3905 676 3994 significatione
698 3908 762 3982 ite,
789 3920 823 3973 ut
847 3919 960 3972 metuo
985 3929 1027 3976 ne
1041 3902 1116 3992 fiet
1140 3906 1167 3970 ie
1244 3961 1256 4004 ;

111 3990 291 4078 loquatur,
320 3993 378 4078 qui
401 3993 521 4078 aliquid
554 3991 624 4060 fieri
647 4001 785 4065 metunt.
835 3994 1029 4058 Doctrinum
1054 4012 1167 4076 grem·

111 4078 315 4142 maticorum
341 4083 408 4142 ism
425 4079 592 4144 ,Sanctius
617 4079 729 4142 rettdit
757 4082 843 4144 inter
882 4088 1048 4149 monstra,
1084 4096 1168 4160 queo

112 4163 423 4249 risumtuoverent.
467 4165 530 4232 Sed
550 4165 718 4252 expositio
729 4214 740 4248 ,
760 4187 859 4254 quem
885 4165 955 4255 ipse
979 4160 1167 4250 proposuit,
