2798 4756
250 358 317 428 lu
622 343 899 464 'enarratu'
996 437 1000 445 ,

339 520 532 619 Perperari'a
555 521 718 618 signifieat
740 548 897 616 perverse
922 523 1133 616 (valeta),
1163 537 1205 595 et
1222 553 1351 620 oppo-

251 619 346 688 nitur
368 615 533 684 vooabulo
556 626 659 682 recte·
682 615 783 696 Quod
805 613 973 678 Weberus
989 615 1131 680 indicari
1149 616 1245 682 dicit
1296 645 1351 685 er-

250 727 381 773 versam
399 705 578 784 actionem,
601 721 684 787 quae
702 723 807 766 none
832 699 975 764 oonsilio
1001 723 1110 788 neque
1133 724 1177 768 ex
1208 643 1350 771 volim-

149 867 150 872 η
251 802 321 858 tate
337 789 580 880 proficiscatur,
602 799 634 851 et
650 786 740 874 quod
763 785 988 851 Doederlinus
1004 810 1073 874 per
1098 811 1206 854 eram
1226 794 1348 858 refert

251 879 293 945 ed
319 901 394 942 rem
419 897 487 940 non
512 895 623 938 veram
641 873 864 962 (unriohtig)‚
878 867 981 960 salso
1001 874 1040 938 ad
1089 877 1256 942 ominem
1288 904 1347 945 er-

251 973 383 1032 rantem
407 963 485 1048 (aue
502 959 691 1042 Irrtdum),
714 957 795 1027 hoeo
814 959 927 1024 omnia
945 979 1053 1046 neque
1072 961 1254 1028 vocabulo
1284 968 1346 1030 in-

251 1053 313 1116 rita
330 1071 391 1114 neo
413 1067 473 1110 usu
490 1045 710 1134 comprobato
726 1055 815 1110 sunt.
859 1043 1052 1132 Perperam
1076 1048 1167 1110 enim
1196 1061 1237 1113 et
1262 1076 1343 1118 rem

251 1157 324 1202 non
349 1144 439 1199 recte
467 1143 572 1197 aotam
587 1141 635 1195 -et
658 1131 818 1195 iudicium
846 1151 1041 1214 perversum
1063 1131 1254 1218 significat,
1276 1162 1342 1204 nea

252 1225 379 1300 attinet,
403 1230 515 1283 utrum
526 1217 590 1304 qui
608 1239 785 1304 perperam
812 1218 889 1302 agit,
907 1215 1028 1281 invitus
1044 1219 1076 1281 in
1095 1241 1264 1287 errorem
1284 1228 1341 1290 ia-

239 1305 380 1384 ⁴uiderit,
405 1329 443 1370 ao
462 1327 537 1368 oum
558 1303 700 1368 consilio
719 1301 875 1368 fefellerit
890 1301 971 1366 alios
994 1325 1032 1368 re
1056 1326 1223 1390 perverse
1250 1323 1341 1380 oete.

250 1395 301 1462 De
316 1389 476 1458 vocabulo
488 1389 585 1480 false
603 1389 673 1454 dixi
688 1388 791 1452 Tom.
808 1395 839 1456 2.
879 1393 979 1454 .687.
1029 1390 1098 1454 Neo
1121 1391 1265 1462 mirum
1287 1401 1339 1464 vi-

251 1481 387 1548 debitur
396 1499 584 1564 perperam
599 1497 677 1540 oum
693 1411 939 1564 nominalium
952 1478 1166 1542 commutari.
1185 1482 1338 1549 Plautus

249 1567 321 1635 Mil.
338 1571 370 1642 2,
391 1569 423 1642 4,
439 1568 492 1628 39.
515 1563 708 1646 composuit
735 1573 934 1648 utrumquez
976 1561 1029 1626 ita
1052 1585 1108 1628 me
1131 1563 1337 1638 iminwla-

249 1663 323 1720 lum
339 1670 529 1738 perperam
536 1644 675 1737 saturam
691 1670 762 1712 esee
777 1646 964 1712 somniavi.

257 1849 258 1852 Ἴ
353 1779 446 1843 Plaut.
473 1775 535 1829 Gar.
562 1775 589 1842 2,
613 1775 640 1840 6,
664 1774 708 1828 15.
724 1783 801 1845 atque
824 1777 890 1830 adea
917 1777 980 1828 dam
995 1776 1062 1858 milri
1076 1778 1163 1848 capio,
1180 1777 1334 1853 perperam

317 1863 476 1918 iamdudum
496 1862 579 1914 torale
593 1861 713 1928 fabular.
737 1861 825 1914 Recte
840 1861 1006 1914 Lambinuer
1036 1861 1203 1919 iamdudum
1229 1869 1332 1923 animo

318 1964 382 2002 erro
408 1955 436 2001 et
453 1947 552 2015 lingua
570 1963 665 2015 paceo,
694 1953 723 1999 et
741 1945 819 1998 aliud
842 1961 892 2013 pro
911 1945 970 1998 elio
987 1947 1096 2014 loquor.
1137 1951 1219 2006 Men.
1251 1953 1282 2019 5,
1307 1957 1332 2024 8,

315 2033 361 2089 aa.
378 2052 414 2088 aa
426 2032 471 2102 qui
482 2049 621 2102 perperam
634 2032 750 2086 imaaire
769 2049 811 2085 me
825 2033 909 2100 aiant,
922 2033 973 2102 ipu'
987 2032 1148 2090 insaniant?
1168 2037 1192 2091 i.
1209 2055 1239 2090 e.
1259 2059 1330 2110 per·

316 2135 400 2174 verro
419 2133 521 2171 ammo.

351 2227 446 2284 Plaut.
469 2228 547 2299 Gapt.
568 2227 595 2300 2,
613 2227 640 2298 2,
656 2227 699 2283 78.
718 2229 763 2284 odi
781 2245 894 2284 aarumr
927 2229 1013 2282 multa
1030 2183 1120 2284 multia
1139 2247 1222 2302 saepe
1241 2237 1329 2291 euasit

314 2333 463 2390 perperam.

351 2430 393 2482 Do
417 2425 534 2478 oonsilio
558 2425 754 2478 revelantate
777 2421 870 2477 Plaut.
897 2421 997 2494 Amph.
1020 2423 1089 2490 1,1‚
1106 2426 1151 2478 92.
1168 2445 1325 2497 numquam

315 2515 394 2568 etiam
406 2513 549 2582 quidquam
559 2507 645 2563 aditae
661 2510 792 2561 verborum
804 2517 843 2562 eet
854 2512 1025 2580 proloquutio
1040 2529 1193 2580 perperam.
1215 2511 1285 2566 Mil.
1298 2515 1323 2580 2,

315 2599 343 2664 5,
361 2596 406 2650 25.
425 2597 479 2664 ‚qui
504 2613 545 2649 me
576 2612 715 2665 perperam
744 2597 864 2664 perplero
886 2597 987 2648 aomina
1017 2597 1154 2665 appeller?
1197 2599 1321 2655 Terent.

315 2686 431 2738 Phorm.
450 2679 476 2749 5,
495 2681 520 2744 l,
536 2677 578 2732 17.
594 2681 658 2732 iotae
675 2680 707 2732 de
721 2681 824 2732 nomiae
838 2699 866 2734 eo
880 2698 1019 2749 perperam
1039 2681 1101 2733 olim
1124 2683 1190 2748 diri,
1217 2705 1253 2740 ae
1278 2707 1322 2742 aaa

310 2775 386 2839 sorte
399 2767 574 2834 imprudenter
582 2765 652 2831 sarie
667 2763 811 2830 effutiretie.
836 2765 871 2818 la
883 2765 983 2836 quibus
999 2767 1187 2820 Doederliaua
1207 2774 1321 2840 euphe·
1382 2803 1383 2830 i

315 2853 448 2908 anismam
463 2849 568 2903 frustra
584 2847 702 2918 quaerit.

350 2965 463 3016 Petron.
481 2957 507 3012 4.
527 2963 596 3029 qaod
613 2961 718 3029 quisque
735 2979 873 3030 perperam
888 2963 983 3031 ariete,
994 2963 1022 3016 ia
1044 2969 1171 3016 senectute
1194 2967 1317 3032 confiteri

313 3070 365 3105 aaa
382 3049 447 3102 oult.
467 3044 515 3098 ubi
531 3043 672 3114 qoodood.
690 3053 762 3116 trag.
777 3047 863 3100 habet
879 3049 980 3114 didicit,
997 3047 1164 3100 sententiam
1179 3065 1236 3101 non
1250 3067 1316 3104 mu·

315 3141 365 3192 tat.
390 3132 462 3186 Plin.
485 3130 572 3199 Epirt.
590 3130 616 3200 ὃ,
634 3127 661 3198 5,
680 3130 723 3184 12.
740 3151 819 3202 qaam
841 3135 920 3187 leotm
939 3136 1068 3204 quaedam
1087 3139 1231 3204 perperam
1246 3156 1315 3208 pra·

314 3223 461 3278 nuntiasset
475 3221 528 3269 ato.

349 3347 447 3402 Seuer.
469 3344 558 3413 Epist.
574 3327 602 3409 ll,
622 3342 666 3395 11.
685 3344 742 3408 itae,
757 3344 795 3396 mi
813 3343 908 3411 Lucili,
924 3361 1064 3414 perperam
1086 3346 1200 3416 plerique
1222 3348 1310 3401 iater-

310 3443 459 3507 pretaatar.
483 3429 502 3483 i.
523 3447 549 3481 a.
567 3430 651 3494 male,
668 3445 722 3481 non
740 3433 825 3482 recte.
853 3429 969 3482 Alienae
988 3431 1076 3484 Varus
1090 3430 1118 3482 in
1133 3431 1199 3500 Ilig.
1219 3432 1264 3498 42,
1283 3435 1309 3502 1,

312 3519 356 3573 82.
376 3517 557 3588 quaerebatur,
577 3515 654 3567 iader
671 3515 694 3566 si
709 3533 848 3584 perperam
871 3517 1029 3580 iudicasset,
1053 3533 1090 3568 aa
1111 3525 1197 3586 parret
1222 3522 1307 3574 eadem

313 3606 356 3658 die
375 3605 470 3655 iterum
484 3601 616 3653 ‘iudicare
632 3597 651 3652 i.
676 3615 701 3650 e.
718 3615 768 3666 per
784 3595 1044 3652 iniuriam.'Poulue
1062 3598 1106 3668 34,
1123 3599 1150 3666 5,
1167 3597 1211 3654 25.
1229 3623 1307 3672 quum

312 3689 342 3740 in
364 3693 518 3739 testamento
542 3687 665 3756 ambigue
683 3686 825 3740 autetiam
839 3703 976 3758 perperam
988 3687 1112 3757 scriptam
1125 3694 1178 3753 eet,
1197 3689 1306 3759 larigna

310 3771 488 3840 interpretari.

348 3894 503 3964 opponitur
522 3903 598 3949 reete.
614 3894 702 3948 Varro
713 3895 747 3948 de
762 3894 845 3966 Ling.
860 3895 910 3948 lat.
926 3895 944 3948 8
963 3893 1018 3962 (ll),
1037 3895 1081 3950 11.
1101 3897 1209 3951 meliora
1226 3902 1303 3954 aeria

310 3997 448 4051 perperam
464 3983 536 4033 diota
554 3983 625 4050 apud
642 3984 769 4050 autiquae,
787 3983 888 4057 aliquop
908 3991 1015 4052 propter
1040 3989 1134 4051 poetae
1154 4002 1207 4038 aaa
1230 3987 1301 4040 modo

311 4085 382 4119 auno
398 4067 521 4120 dicuntur
538 4074 613 4131 reete,
630 4068 674 4118 red
689 4068 770 4119 etiam
784 4083 850 4134 quae
865 4067 968 4118 ratione
982 4069 1055 4120 diota
1069 4075 1127 4120 aaut
1143 4075 1208 4134 tam,
1236 4087 1301 4123 aureo

308 4169 447 4222 perperam
462 4153 591 4204 dicuntur.
635 4149 692 4203 cto.
715 4167 743 4218 p.
768 4149 863 4217 Quint.
888 4148 915 4212 8,
940 4150 984 4202 31.
1005 4169 1050 4204 eea
1071 4161 1147 4221 reate,
1171 4169 1216 4206 eea
1238 4172 1298 4224 per-
1382 4173 1383 4188 ³

308 4254 403 4310 wem
413 4241 508 4307 faeere
523 4242 667 4308 coeperam·
682 4251 712 4306 p.
731 4231 876 4304 caoatzl,
896 4233 941 4290 69.
958 4243 990 4292 at
1013 4244 1051 4292 eet
1079 4237 1221 4309 aliquanda
1240 4255 1300 4294 ooa-
