2854 4750
480 305 582 374 nne.
623 287 789 390 1111111.
838 303 850 331 ’
898 321 903 340 ·
1105 313 1169 380 111

162 477 238 534 'Fiet
253 476 280 544 1,
295 474 323 544 7,
337 475 383 536 23.
407 477 450 532 itu
467 494 575 548 promus
594 477 733 544 1111111111,
745 494 828 547 oeque
848 493 907 530 11111
931 477 1106 549 Torquatum,
1124 481 1171 552 qui

177 565 226 618 boe
242 565 346 632 primus
362 579 504 633 eoguameu
518 563 633 628 invenit,
657 571 706 616 aut
726 571 841 632 torquem
854 563 929 614 illum
944 563 1169 630 bortidetruritre,

179 658 210 704 ut
225 641 345 720 ulianam
364 664 395 698 ea
408 663 437 700 eo
448 646 593 716 perciperet
614 649 773 716 voluptutem
791 663 913 723 torpere,
930 653 979 704 aut
989 665 1047 702 eom
1065 650 1171 705 battuta

176 736 252 789 tertio
282 731 420 786 consulatu
441 731 586 798 eoaflirisse
614 733 686 800 opud
718 733 829 784 Veserim
865 729 974 801 propter
998 734 1171 804 uoluptatem.

184 819 260 884 Quod
276 834 339 870 uero
353 815 436 868 secari
448 815 603 886 persuaserit
608 818 701 884 filium
717 823 769 868 ete.
806 816 874 882 Quid
881 815 896 868 t
924 817 954 868 Τ.
977 817 1124 886 Torquatus
1138 819 1172 885 ir,

179 904 225 972 qui
243 901 333 954 eousul
354 917 413 952 eum
430 901 476 952 Ca.
503 901 613 952 Ostorio
631 901 689 967 soit
717 906 771 953 ete.
805 900 930 970 Pergere
953 900 1071 954 debebat
1091 920 1173 972 aeque

183 985 385 1056 Torquatos‘ir,
413 985 473 1053 qui,
494 985 542 1038 sed
565 983 736 1054 interpositis
757 985 852 1038 verbis
875 985 992 1041 mutavit
1013 985 1173 1040 orationem.

184 1069 278 1140 Quid?
299 1071 330 1122 Τ.
349 1070 497 1138 Torquatus
515 1070 554 1135 is,
573 1078 626 1123 ete.
661 1070 812 1123 Goerenzii
832 1071 941 1140 opinio,
961 1087 1015 1140 quu
1028 1090 1109 1141 oeque
1121 1089 1172 1140 pro

171 1173 214 1208 vue
240 1150 343 1224 quidem
360 1145 533 1222 uscipiatur,
550 1171 602 1208 non
626 1172 680 1210 uuo
703 1155 814 1208 nomine
833 1164 876 1210 eut
891 1156 1087 1224 improbandas
1107 1175 1173 1212 num

155 1233 158 1238 ’
182 1239 316 1294 obhorret
341 1237 376 1291 ab
401 1236 464 1306 ipse
489 1237 630 1292 ciceronis
649 1239 793 1294 sententia.
829 1241 872 1294 ct.
898 1241 1173 1299 Μ11111111Μ111111.

180 1326 219 1389 11,
229 1325 256 1376 l.
272 1341 298 1391 p.
316 1320 361 1381 ts.
379 1329 408 1376 et
423 1324 553 1379 ottonem
569 1325 604 1377 ed
623 1325 651 1378 11.
667 1326 687 1378 1.
720 1325 896 1378 lu'enmdern
916 1326 1028 1378 modurn
1043 1327 1173 1380 Klotzina

180 1410 323 1462 vindicare
342 1415 455 1464 1111111111
479 1417 521 1465 est
539 1409 676 1464 librorum
690 1411 865 1480 antiquorum
885 1410 1051 1480 scripturum
1067 1410 1095 1464 in
1115 1411 1174 1468 cie.

182 1493 354 1562 1111111211,
373 1493 417 1548 te.
486 1517 487 1520 ¹

201 1669 252 1730 17.
283 1665 443 1753 Negatio,
468 1686 553 1754 quae
571 1686 632 1752 per
650 1685 712 1730 neo
730 1663 950 1750 exprimitur,
974 1665 1010 1728 in
1034 1665 1195 1732 alteram

117 1760 250 1842 partem
267 1751 449 1816 sententiae
465 1751 592 1816 traduci
608 1759 719 1838 potest
747 1771 808 1836 per
830 1749 1042 1816 disiunctivss
1068 1747 1190 1840 parti-¹

117 1838 206 1902 oulas
231 1859 288 1918 oe,
314 1836 384 1917 uel,
415 1847 497 1912 out,
521 1857 606 1924 quse
628 1840 696 1900 vim
721 1837 861 1922 negandi
886 1847 1066 1925 praestant.
1110 1837 1176 1902 Sed
1277 1887 1279 1898 .

117 1922 325 2012 grammatici
341 1922 475 2010 quidam
493 1923 685 1988 observasse
701 1921 763 1986 sibi
784 1921 933 1987 visisunt
951 1924 1069 1988 eodem
1095 1945 1176 1988 mo-

119 2009 163 2074 do
182 2013 378 2096 etiamque,
404 2020 456 2087 et,
482 2033 524 2074 11
540 2009 633 2098 poni.
677 2006 727 2070 De
751 2029 816 2093 qua
840 2009 999 2096 opinione
1023 2009 1176 2095 disputa-

117 2098 227 2160 vimus
248 2094 292 2159 T.
312 2094 354 2158 ll.
378 2117 413 2182 p.
429 2097 505 2160 587.
553 2095 651 2159 Nune
679 2090 818 2157 alteram
844 2095 957 2158 loeurn
982 2094 1177 2179 ambiguum

117 2183 230 2258 Flori,
254 2181 289 2244 in
306 2201 373 2267 quo
391 2191 423 2245 et
442 2203 504 2268 pro
521 2203 583 2244 neo
599 2179 749 2266 positum
766 2201 837 2244 esse
857 2179 984 2243 videtur
1009 2185 1037 2260 1,
1055 2185 1105 2262 16,
1126 2185 1178 2246 11.

118 2269 173 2333 lein
198 2265 309 2330 termis
339 2277 456 2331 exertos
479 2263 617 2332 mittere
642 2261 702 2326 snt
725 2265 846 2352 iugum
871 2264 1015 2340 meletii,
1047 2276 1085 2329 111
1115 2287 1179 2330 nee

120 2348 359 2441 amieiforeut
377 2349 556 2439 beneficio,
580 2363 612 2416 et
626 2362 704 2438 post
712 2349 902 2438 flagitium
918 2352 1029 2415 ltostes
1050 2350 1179 2438 magis.

119 2439 307 2506 Herennius
330 2449 424 2526 pater
452 2440 540 2503 enirn
566 2447 729 2514 suaserat,
761 2457 877 2500 omnes
902 2437 1021 2523 captivi
1048 2447 1103 2501 aut
1126 2436 1180 2501 di·
1271 2501 1273 2506 ,

120 2528 353 2605 mitterentur,
384 2533 421 2588 ut
446 2522 607 2588 beneficio
630 2519 744 2586 forent
767 2521 883 2600 amici,
906 2533 961 2587 aut
985 2523 1179 2588 occideren-

120 2621 196 2688 tur,
222 2621 260 2673 ut
278 2608 391 2674 hostes
414 2610 623 2675 tollerentur.
675 2607 729 2672 Sic
754 2608 866 2672 Livius
884 2613 916 2687 9,
932 2615 962 2688 s,
981 2614 1032 2674 12.
1055 2617 1180 2678 narrat.

121 2695 338 2762 Contrarium
364 2696 481 2761 maluit
503 2695 590 2760 filius
613 2694 771 2759 Herennii
798 2695 924 2774 Pontii,
948 2694 1039 2782 quod
1062 2695 1180 2760 Florus

118 2784 167 2850 ita
183 2776 358 2871 exposuit,
382 2785 465 2847 utin
484 2782 587 2846 altero
605 2791 801 2868 argumento
819 2783 950 2867 negatio
976 2779 1053 2844 addi
1076 2779 1180 2846 debe·
1294 2833 1297 2838 .

119 2879 187 2935 ret.
233 2870 275 2932 111
303 2866 418 2930 Florus
440 2889 511 2932 non
536 2867 686 2952 loquitur
710 2887 751 2928 ex
776 2868 937 2947 sententia
962 2867 1092 2948 Pontii,
1122 2864 1181 2930 sed

123 2955 166 3019 de
178 2973 240 3018 suo
259 2952 381 3016 iudicio
400 2953 508 3018 addit:
532 2951 658 3016 factum
677 2973 758 3030 esse,
780 2963 814 3014 ut
832 2952 973 3017 Romani
988 2975 1058 3016 non
1075 2961 1181 3018 essent

122 3039 224 3106 amici
250 3036 428 3119 beneficio,
450 3038 508 3104 sed
534 3047 611 3126 post
633 3037 795 3121 flagitium
818 3035 932 3102 hostes
959 3039 1065 3124 magis
1092 3039 1183 3102 exsi-

122 3135 266 3191 sterent.
309 3124 401 3189 Alter
418 3126 510 3190 locus
527 3135 574 3190 est
591 3121 788 3204 Quintiliani
814 3129 864 3203 12,
880 3129 911 3204 6,
927 3129 957 3188 2.
974 3123 1095 3188 modus
1112 3123 1182 3187 mi-

122 3213 163 3277 ti
182 3209 318 3276 uidetur
333 3209 677 3298 quidom‘teneuetus‚
700 3219 737 3272 ut
751 3231 857 3296 neque
867 3231 1105 3296 praepropere
1121 3208 1184 3274 de-

122 3297 327 3384 stringatur
347 3297 534 3373 immotura
543 3296 663 3387 frons,
688 3305 721 3360 et
739 3295 904 3380 quidquid
927 3307 977 3360 est
1005 3293 1094 3359 ittet
1115 3293 1185 3359 ud-

122 3385 194 3449 11111
210 3379 370 3450 acerbam
383 3381 599 3470 proferatur.
643 3377 700 3444 ubi
717 3377 939 3444 Buttmannus
955 3382 1185 3445 nenessitatem

126 3467 372 3534 emendationis
387 3471 486 3557 longa
501 3466 712 3556 expositione
730 3464 981 3530 demonstravit.
1008 3465 1071 3530 Sed
1091 3475 1186 3554 post-

126 3555 195 3622 hao
214 3553 312 3622 huius
329 3555 451 3621 erroris
466 3557 576 3642 ipsum
594 3551 769 3640 poenituit.
812 3552 991 3638 Zumptius
1014 3554 1103 3622 enim
1128 3551 1186 3618 be-

125 3663 172 3707 ne
202 3640 376 3727 perspexit
402 3644 562 3707 orationis
591 3659 660 3703 non
689 3636 858 3702 absolutae
890 3660 1047 3706 caussam.
1105 3637 1187 3704 Vide
1242 3669 1245 3680 ν

127 3748 210 3790 eum
228 3723 260 3788 T
262 3747 331 3790 om.
348 3727 381 3790 5.
398 3749 432 3814 p.
449 3727 523 3794 tls.
539 3760 541 3763 -
566 3724 719 3794 Tertium
737 3723 850 3788 locum
870 3723 1004 3824 praebet
1028 3725 1188 3806 11111114,

126 3817 186 3892 29,
206 3816 237 3875 6.
260 3834 322 3876 nee
335 3809 416 3876 libet
432 3811 588 3882 credere,
614 3821 648 3878 et
664 3809 744 3872 licet
767 3810 805 3873 iu
827 3831 933 3884 uersos
958 3809 1188 3898 opinionibus.
1297 3806 1304 3820 '

128 3899 231 3984 Quae
245 3895 540 3964 Drakenborohius
584 3893 709 3974 rotulit,
729 3905 765 3964 ut
788 3895 1026 3984 comprobaret
1047 3920 1109 3962 neo
1124 3917 1188 3983 pro

129 3995 166 4050 et
193 4005 266 4051 uon
292 3985 395 4070 poni,
429 3920 598 4071 dissimilia
633 3991 731 4046 erant
763 3991 861 4064 atque
893 3982 1037 4047 absona:
1075 3992 1189 4054 tamen

130 4069 237 4134 etiam
254 4067 458 4136 Buttmanno
479 4067 657 4157 persuasit,
678 4075 715 4130 nt
738 4067 771 4130 ln
797 4059 878 4132 lieet
902 4069 1098 4154 intelligeret
1120 4087 1190 4131 nort
1271 4097 1273 4100 ·

129 4152 291 4223 eredere.
331 4153 432 4236 Quod
447 4177 515 4220 non
531 4163 645 4243 potest
660 4152 810 4242 intelligi.
853 4153 925 4220 Sed.
936 4151 1191 4243 ‘interpunctio'-
