2798 4756
513 334 807 426 raanssariu.
1106 359 1167 426 aar

112 536 308 593 consuetum
328 524 498 592 veteribus
513 523 648 614 suerat,
673 527 799 594 titteris
823 528 868 592 iia
893 525 1090 616 plerumque
1110 531 1164 596 uti

112 608 357 701 indifferenter,
379 613 481 676 sicuti
489 609 701 698 praefiscine
716 625 747 678 et
762 609 986 698 praefiscini,
1008 612 1164 700 proclivi

19 759 21 764 .
111 709 146 764 et
162 697 334 785 proclive.
377 697 503 762 Eadem
519 697 620 766 tradit
634 699 822 788 Macrobius
836 699 968 762 Satura.
986 705 1015 775 1,
1032 701 1063 767 4.

193 829 407 918 Vsurpabant
422 832 522 918 igitur
544 831 629 896 hanc
654 849 769 898 vocem
790 832 833 908 ii,
856 832 912 918 qui
935 831 970 895 in
992 829 1162 920 colloquio

111 915 236 1002 aliquid
263 917 422 981 eximium
445 929 503 980 aut
527 917 672 982 faustum
697 929 753 982 aut
778 917 941 982 laudabile
964 921 1162 1003 pronuntia-

110 1003 197 1083 turi,
219 1024 261 1066 ne
289 1005 362 1088 quis
390 1003 518 1069 invidus
545 1001 762 1068 fascinatione
785 1003 932 1068 turbaret
946 1003 997 1068 val
1016 1017 1163 1088 noceret,

112 1089 301 1172 cautionem
318 1085 527 1174 deprecando
543 1089 808 1174 interponebant.
834 1092 980 1154 Muretus
995 1089 1072 1155 Var.
1088 1090 1169 1156 lect.¹

110 1177 142 1250 9,
157 1179 189 1238 8.
206 1183 377 1258 comparat
401 1196 556 1260 graccum
579 1175 651 1255 μετὰ
680 1177 913 1258 προβασκανίου.
958 1175 1164 1244 Germanum

111 1258 227 1346 vulgus
244 1251 362 1337 eodem
380 1259 484 1324 modo
505 1261 652 1346 loquitur
667 1259 861 1350 unberusen.
889 1259 1025 1326 Plenam
1040 1259 1162 1327 dictio-

110 1366 187 1408 nem
214 1339 418 1431 praefisaiae
442 1344 520 1408 dico
542 1347 610 1410 sive
635 1343 782 1410 dixerim
814 1345 968 1432 exempla
997 1346 1161 1431 quaedam

110 1439 310 1494 monstrant.
362 1431 575 1497 scenicorum
602 1451 701 1496 usum
730 1429 849 1496 imitati
876 1441 955 1496 suut
979 1432 1161 1520 scriptores

110 1515 340 1596 recentissimi.

213 1647 354 1702 Titinnius
368 1651 440 1718 apud
455 1648 564 1702 Charis.
582 1666 610 1718 p.
629 1649 690 1704 189.
707 1652 794 1704 Paula
808 1669 876 1717 mea,
894 1653 996 1718 arrabo,
1011 1653 1056 1722 pal
1076 1659 1107 1708 tu
1125 1653 1163 1710 ari

164 1735 283 1788 'laudem
299 1737 392 1788 addita
404 1735 570 1804 praefiscini:
585 1751 619 1788 ae
634 1737 723 1804 puella
735 1737 894 1803 fasciaetar.
929 1737 1062 1791 Extrema
1075 1741 1163 1795 verba

179 1819 383 1874 tintemanau·
404 1832 468 1871 cnm
489 1819 598 1872 itini-eta
622 1821 777 1874 tribuerunt
796 1828 903 1889 pactae.
940 1821 1033 1874 'Dubia
1050 1807 1161 1880 eet'rea.

179 1903 309 1958 Afranius
330 1906 404 1973 apud
427 1903 555 1958 eumdem
574 1903 751 1958 charisium
771 1908 828 1958 Saia
848 1903 965 1959 babitaia
989 1909 1030 1960 ita
1052 1916 1082 1962 at
1094 1925 1164 1964 nana

134 2005 136 2012 ·
179 1992 286 2054 obticet,
306 1990 461 2058 praefiscine
479 1992 539 2058 [per
552 2005 574 2052 e,
592 2005 701 2058 aaaper
714 1990 746 2058 t]-
780 1991 871 2043 Plaut.
889 1990 934 2042 Δι.
948 1987 1070 2056 aaut
1082 2011 1163 2062 praa-

173 2076 266 2143 fiaaiai
280 2076 328 2128 bac
342 2091 412 2125 acac
427 2073 555 2126 damme
580 2089 657 2126 arma
677 2075 760 2128 etiarn
783 2091 823 2128 mc
837 2076 969 2126 accruaait
988 2077 1081 2130 merita
1097 2077 1163 2144 maa,

178 2177 260 2229 nepae
276 2176 317 2213 me
333 2158 444 2212 Atheni·
460 2163 499 2210 ert
512 2157 578 2208 alter
592 2157 668 2209 bodie
680 2158 832 2226 qaisquam,
854 2159 897 2210 eui
916 2159 987 2212 credi
1003 2167 1070 2212 reate
1084 2171 1164 2230 aequa

178 2252 279 2315 pateat.
315 2244 378 2296 Cas.
395 2239 421 2304 5,
442 2239 469 2306 4,
491 2239 537 2292 ut.
557 2235 706 2308 iade'faraa
725 2245 829 2306 tacitas,
854 2243 1014 2311 praestariae,
1037 2261 1095 2296 crea
1115 2246 1164 2298 baa

179 2337 284 2392 amata,
303 2345 352 2395 aaa
368 2327 450 2382 araca
484 2325 596 2376 Patron.
614 2323 659 2378 ib.
684 2327 761 2380 badia
784 2343 873 2380 amaa
895 2343 967 2378 meaa
989 2327 1165 2382 barbatoriam

175 2415 251 2480 fecit,
276 2413 359 2473 bama,
388 2410 549 2479 prceffiaiai,
568 2409 650 2480 frugi
677 2417 703 2462 et
728 2411 861 2464 mirariue.
902 2409 1010 2478 Apulei.
1039 2409 1115 2462 Fiat.
1136 2411 1164 2464 8.

180 2515 206 2568 p.
224 2496 285 2568 aab,
311 2495 356 2549 bii.
376 2497 446 2565 arrad
468 2495 578 2562 difficile
600 2496 677 2556 fucta
704 2501 771 2558 mat,
795 2495 911 2563 puerique
939 2511 1030 2548 reuera
1050 2495 1165 2550 arduam

181 2585 256 2636 nabis
271 2581 478 2642 existimabatur,
495 2585 602 2648 gratum
616 2573 669 2630 erae
687 2579 793 2648 papula,
817 2579 918 2647 placere
937 2579 1031 2642 ordini,
1057 2579 1165 2647 probari

104 2733 106 2737 .
180 2666 379 2738 magistratibus
395 2671 421 2718 et
435 2663 612 2733 principibus.-
637 2663 683 2728 iri,
703 2665 861 2732 praestariae
885 2664 1003 2727 dixerim,
1031 2663 1087 2716 iam
1102 2681 1165 2733 qaa-

182 2751 322 2807 cammada
336 2749 401 2800 mibi
417 2748 520 2816 obtigit.
548 2746 713 2800 amentavit
724 2747 859 2806 blurctaa.
880 2747 952 2800 cad:
962 2747 1072 2802 flarent.
1084 2766 1163 2818 prae·

175 2837 288 2902 sauciae,
307 2833 380 2902 qnod
396 2829 609 2897 Oudendorpina
630 2835 772 2898 praestare
790 2836 872 2902 putat
892 2833 927 2885 ab
949 2832 1058 2902 reliqua
1080 2832 1167 2886 verba

180 2921 325 2988 effasciaa,
340 2918 480 2985 iasaaciaa.
507 2914 563 2967 Sed
585 2915 693 2968 vocalia
707 2935 725 2968 a
744 2915 772 2970 ia
787 2918 798 2970 i
811 2921 950 2984 mutatur,
967 2921 999 2970 ut
1019 2916 1048 2972 in
1067 2915 1167 2972 multia

93 3031 100 3056 t
183 3001 247 3058 aliia
260 3002 418 3058 vocabulis:
431 3003 476 3056 vd.
494 2999 657 3056 Schneideri
676 3001 800 3058 (iratum.
814 3001 837 3054 1.
855 3019 883 3072 p.
897 3000 939 3055 1⁰.

421 3243 857 3402 PRAESERTIM.
882 3311 884 3317 ’

199 3511 424 3592 Praesertim,
436 3511 485 3576 uti
501 3514 572 3599 ipsa
588 3533 655 3577 vox
671 3510 828 3590 declarat,
838 3509 958 3576 dicitur
972 3508 1012 3574 de
1027 3530 1074 3588 re,
1083 3528 1168 3594 quae

115 3608 165 3664 est
181 3600 274 3684 quasi
316 3620 371 3662 raa
386 3599 470 3663 serie
484 3597 655 3686 ponenda,
675 3595 818 3682 ideoque
836 3596 908 3660 cxci
934 3595 1011 3674 itur,
1030 3603 1064 3658 et
1081 3615 1167 3680 pro·

113 3693 191 3771 pter
207 3705 271 3764 con
297 3683 437 3748 itionem
453 3705 545 3748 suam
561 3678 623 3748 κατ’
638 3682 742 3766 ἐξοχὴν
758 3691 892 3768 spectac
918 3703 971 3746 am
991 3679 1169 3828 distiuppi·

114 3781 182 3836 tur.
234 3767 307 3834 Hoc
337 3779 383 3834 eat
408 3767 660 3840 abrandarum,
691 3765 890 3841 besondera,
926 3764 1052 3830 zumal.
1132 3785 1170 3828 e·

115 3853 299 3936 strictivam
320 3852 717 3941 grammaticiappellant
735 3852 949 3940 particulamz
970 3849 1028 3916 sed
1050 3849 1171 3948 eximi-

115 3949 173 4004 tur
200 3961 252 4004 res
277 3961 321 4005 ex
349 3939 504 4004 universo
528 3961 648 4026 genere
671 3947 704 4002 et
726 3948 908 4022 separatur.
949 3935 1019 4002 Nec
1041 3957 1171 4023 magur·

116 4024 201 4090 tudo
220 4035 275 4088 aut
291 4024 490 4113 praestantia
507 4035 567 4104 est,
590 4034 795 4111 quapropter
811 4046 884 4089 rem
901 4023 940 4088 ab
956 4022 1026 4087 aliis
1047 4019 1091 4088 ita
1118 4017 1173 4084 di·
1252 4107 1253 4110 Ἴ

118 4112 346 4198 atinguamus,
370 4111 428 4175 sed
444 4109 617 4196 singularia
632 4109 729 4192 ratio,
752 4110 806 4176 cui
826 4131 863 4174 ea
879 4108 1064 4174 subiicitur.
1104 4102 1173 4168 Ita-

118 4217 185 4284 que
202 4195 410 4286 praeaertim
427 4193 538 4262 differt
552 4218 570 4264 a
583 4193 789 4292 praecipue:
809 4204 842 4262 at
865 4215 970 4282 quum
986 4211 1100 4260 causan
1115 4209 1175 4255 ex·

874 4296 957 4361 at*
