2886 4756
622 349 683 420 VO.

129 521 281 590 corbium
301 529 334 588 et
348 521 613 611 interiectionem
628 546 649 594 o
672 543 742 588 esse
763 521 842 589 dicit
858 545 893 610 p.
909 523 974 589 965
990 532 1022 589 et
1037 543 1071 608 p.
1088 524 1184 592 1024.

130 611 277 694 Scaliger
306 608 348 674 de
377 610 511 674 Cauneis
535 609 591 673 lat.
613 609 694 696 ling.
726 631 755 675 o.
780 611 853 674 158.
890 627 1020 695 „neque
1044 610 1184 674 omnino

130 693 272 762 vocandi
288 693 392 760 ullum
409 693 600 760 adverbium
616 697 676 760 sit:
706 693 790 760 nihil
813 695 903 759 enim
918 693 1105 780 detorquet,
1129 706 1186 760 ant

131 781 242 857 addit,
269 789 326 843 ant
345 780 435 846 tollit
459 803 476 844 a
499 779 655 854 nominer
690 799 792 866 quare
818 781 876 867 qui
891 779 1185 930 praepositionem

132 886 309 953 agnovere,
333 867 475 954 propius
495 864 630 930 fuerunt
654 866 860 934 verirarsmr·
918 867 958 930 ed
978 887 1079 930 nemo
1097 885 1187 930 nnnc

132 975 203 1018 noa
232 961 441 1039 perspectam
479 949 581 1014 habet
610 963 765 1016 naturam
801 951 1057 1031 interiectionis,
1102 971 1187 1038 qnae

131 1038 261 1103 etiamsi
277 1055 352 1100 oum
369 1037 438 1102 aliia
454 1035 645 1100 nominibus
671 1039 901 1126 coniungitur,
923 1039 1052 1104 nullam
1074 1045 1187 1104 tamen

134 1123 235 1188 habet
251 1123 474 1218 constituendi
497 1132 707 1210 potestatem.
1142 1151 1143 1155 ¹

216 1255 331 1322 Graeci
350 1257 556 1344 grammatici
571 1257 767 1346 particulam
786 1256 934 1323 vocantis
950 1244 992 1321 ¹et
1014 1255 1189 1356 appellan-

135 1333 227 1406 tisoi
257 1339 344 1406 aboi
366 1342 581 1412 exclamantis
616 1355 648 1408 et
676 1345 777 1408 animi
801 1342 1013 1408 affectionem
1036 1343 1188 1408 indican-

136 1429 178 1493 tis
203 1438 339 1492 accentu
355 1427 609 1516 distinguebant,
640 1429 741 1516 idque
757 1429 977 1494 Buttmannus
1001 1449 1037 1490 ea
1061 1429 1189 1494 ratione

137 1513 264 1578 lactum
288 1535 358 1577 esse
384 1524 499 1601 putat,
523 1515 614 1601 quod
638 1512 664 1579 oi
685 1515 896 1596 θαυμαστικὸν
919 1515 1190 1596 crepitantium

138 1621 216 1664 cum
232 1597 426 1664 nominibus
450 1600 643 1666 cohaereret
657 1623 840 1688 eorumque
854 1621 945 1663 casus
959 1609 1099 1687 regeret,
1119 1621 1190 1664 non

137 1686 218 1750 item
251 1677 277 1749 oi
307 1683 523 1751 invocationis
556 1689 704 1752 vocativo
733 1686 964 1774 praemissum.
1022 1683 1131 1750 Latini
1154 1695 1191 1749 nt

138 1771 439 1836 haneGraecorum
451 1769 635 1838 doctrinam
651 1793 727 1838 suae
744 1773 873 1860 linguae
888 1770 1192 1851 accommodarent,

139 1853 537 1944 significationedifferre
559 1858 689 1923 incerto
712 1857 835 1922 iudicio
860 1855 1013 1921 dicebant
1036 1881 1055 1919 ο
1080 1866 1114 1918 et
1129 1857 1191 1920 oli:

140 1958 344 2030 ¹quamquam
359 1943 520 2030 negabant
536 1943 772 2052 aspirationem
788 1943 863 2007 addi
878 1965 977 2028 posse
992 1941 1026 2007 in
1041 1951 1192 2007 extrema

140 2027 380 2094 vocabulorum
405 2039 510 2116 parte.
555 2029 839 2115 beo'quidquam
869 2027 997 2092 firmius
1026 2029 1192 2114 asseqnnti
1250 2065 1252 2072 <
1290 2041 1292 2046 ’

140 2123 242 2199 sunt,
254 2132 353 2200 quam
379 2113 471 2200 quod
490 2113 634 2202 Scaliger
650 2137 683 2202 p.
702 2118 775 2180 412.
792 2115 853 2178 ait:
877 2111 975 2200 „plns
994 2113 1093 2178 afficit
1101 2115 1203 2198 proli*

141 2219 244 2286 qnam
259 2219 336 2286 pro,
361 2209 394 2264 et
413 2201 457 2264 ob
472 2219 572 2286 qnam
589 2206 641 2264 0.“
669 2201 832 2266 Densiore
848 2222 933 2264 sono
950 2201 1040 2263 enim
1061 2199 1194 2284 gravior

142 2287 344 2373 exprimitur
358 2283 506 2364 affectus,
526 2295 639 2351 tamen
661 2286 765 2375 ipsius
789 2285 956 2372 gravitatis
978 2284 1106 2348 nnllam
1130 2283 1194 2350 ha-

143 2370 261 2434 bemur
282 2381 430 2436 exactam
453 2391 657 2436 mensuram.
687 2371 772 2438 Vide
795 2393 877 2458 qnae
901 2371 1045 2436 diximus
1069 2369 1109 2434 de
1131 2389 1193 2436 art.

17 2437 19 2444 ⁵
96 2533 100 2542 ⁸
141 2455 348 2544 Erythraeus
367 2457 403 2520 in
431 2455 544 2522 Indice
566 2457 698 2544 Virgilr
719 2479 764 2538 „o
780 2457 939 2546 particula
961 2456 1038 2520 alias
1062 2466 1194 2522 acutum
1236 2452 1238 2458 ’

143 2553 317 2608 accentum
348 2542 459 2618 habet,
492 2551 656 2630 utquam
680 2553 729 2608 est
751 2543 909 2609 vocandi:
946 2542 1025 2608 alias
1049 2563 1195 2652 gpavem,

142 2626 396 2778 {igilidptm
422 2627 614 2718 profertur,
634 2727 636 2730 v
654 2651 739 2718 qnae
764 2631 853 2720 apud
885 2629 1029 2718 Graecos
1059 2653 1083 2692 ω
1109 2629 1195 2695 scri-

169 2737 179 2778 ι
234 2753 247 2776 a

63 2911 66 2918 Ι
230 2835 262 2900 1.
299 2831 488 2898 Priscianus
514 2840 561 2900 ts.
583 2857 619 2923 p.
642 2836 717 2899 963.
739 2831 830 2897 nibil
842 2842 959 2896 tamen
981 2831 1123 2896 intereat
1138 2832 1196 2898 io-

145 2929 200 2986 ter
218 2942 250 3000 0,
268 2919 331 2984 boc
358 2929 408 2984 est
434 2922 635 2986 vacaneum
655 2919 801 2986 etheus.
842 2917 1020 3000 Quomodo
1035 2919 1127 2984 euim
1144 2917 1198 2982 di·
1262 2991 1264 2996 ,

145 3004 255 3070 cimus
276 3005 358 3068 fieus
381 3003 538 3082 iuvenis,
572 3007 623 3071 sic
648 3029 668 3070 o
693 3003 839 3069 iuvenis.
868 3055 872 3060 .
894 3003 1017 3090 Itaque
1042 3001 1196 3069 omnibus

146 3089 320 3154 vocativis
331 3091 571 3176 praeponitur,
587 3116 607 3158 ο
622 3103 671 3173 tn,
687 3114 708 3156 o
723 3090 782 3161 mi,
800 3100 966 3156 ouoster:
987 3091 1112 3176 qnippe
1128 3089 1197 3154 od-

146 3173 303 3244 oerbinm
318 3187 368 3262 est
387 3177 550 3243 vocandi.
602 3178 696 3260 Quae
720 3175 762 3240 de
784 3176 987 3240 Graecorum
1004 3197 1067 3238 usu
1085 3197 1199 3262 gram·

146 3261 262 3326 mati'ci
278 3269 439 3341 statuunt,
462 3282 534 3327 non
552 3261 594 3328 ad
616 3273 742 3330 certam
763 3260 932 3348 loquendi.
947 3259 1096 3346 regulam
1122 3283 1199 3348 per-

148 3346 289 3428 ducant,
310 3367 419 3434 neque
435 3369 546 3414 caussa
569 3359 618 3414 est
640 3371 681 3414 ex
708 3348 809 3429 osita,
835 3359 1041 3434 quapropter
1057 3343 1199 3432 prosaici

147 3433 347 3519 scriptores,
365 3435 514 3534 exceptis
528 3434 664 3582 siugugis
684 3373 789 3514 locis,
807 3453 940 3520 semper
955 3430 1109 3494 vocativis
1136 3453 1199 3518 ap-

149 3528 279 3608 ponant
334 3567 344 3597 ‚
367 3540 437 3584 non
451 3531 532 3584 rtem
549 3543 614 3607 poe
631 3543 685 3599 ae,
708 3539 769 3586 nec
791 3517 884 3604 quod
907 3517 1141 3582 Stollbaumius
1164 3517 1197 3582 in
1289 3545 1293 3562 ·

148 3613 274 3674 recent.
291 3603 433 3669 editione
446 3604 575 3672 Philebi
590 3606 737 3670 Platonis
758 3625 786 3667 c.
810 3610 838 3667 l.
862 3601 952 3684 dicit,
973 3601 1033 3666 ubi
1052 3595 1082 3666 ὦ·
1099 3602 1201 3667 omit-

150 3699 260 3764 tatur,
285 3711 477 3756 sermonem
501 3713 571 3756 esse
593 3689 811 3768 admoneatis,
841 3687 882 3752 ad
897 3689 977 3753 alios
995 3688 1201 3772 scriptorum
1276 3748 1279 3752 .

149 3775 246 3841 locos
264 3776 419 3862 pertinet.
452 3775 490 3840 ld
505 3788 617 3843 autem
633 3787 784 3842 constare
799 3773 939 3856 videtur,
956 3773 1044 3860 apud
1064 3775 1201 3841 Latinos

150 3860 352 3950 particulam
383 3885 405 3926 o
440 3883 510 3926 non
540 3863 684 3962 simplici
703 3859 933 3946 ¹alloquntioni
963 3861 1102 3936 servire,
1142 3861 1201 3925 sed

152 3969 228 4012 eam
259 3967 393 4032 semper
423 3945 532 4014 facere
559 3948 662 4014 animi
687 3947 795 4012 affecti
816 3945 988 4012 indicium.
1033 3947 1121 4012 Nam
1145 3947 1202 4011 nbi

151 4032 339 4119 loquuntur
356 4033 466 4098 Latini
489 4057 510 4099 o
532 4032 706 4116 Meliboee,
731 4057 751 4098 o
773 4033 869 4114 socii,
894 4057 914 4097 ο
930 4034 1039 4111 cinea,
1062 4045 1203 4118 operer

152 4127 188 4184 et
209 4117 283 4196 alia,
307 4118 502 4205 exprimunt
524 4120 575 4186 vel
598 4119 879 4200 benevolentiam,
901 4118 952 4184 vel
967 4125 1131 4198 amorem,
1147 4117 1202 4182 vel
1244 4121 1249 4132 ⁴
1359 4109 1367 4126 '

153 4202 420 4288 venerationem,
449 4204 495 4272 ita
520 4215 558 4274 nt
581 4207 690 4276 oratio
719 4206 779 4275 fiat
796 4203 963 4270 ,blandior
993 4215 1026 4270 et
1056 4202 1200 4291 gratior:
