2876 4752
621 349 749 424 uisu·
1131 359 1198 438 ιιι,

155 565 158 573 ,
203 539 253 578 aar
274 520 474 608 sempiternam
496 520 615 587 hebebit
633 516 835 592 per-..carmina
855 519 1038 579 memrinmr
1058 507 1112 583 olai
1132 497 1197 584 cleo
1228 477 1245 512 a

202 609 319 664 Athenis
334 625 387 662 uon
401 605 578 674 ιιιιιιὶιιὶιιιιιι,
598 608 647 660 aed
671 606 699 660 in
722 621 817 660 rerum
838 613 938 660 nutura
951 610 1120 678 sempiterne
1132 613 1196 668 erit.

202 694 319 764 Qoiaul.
337 693 381 757 1⁰,
398 693 424 760 1,
437 691 480 746 tt.
503 691 575 760 28.
615 691 727 746 Sullani.
752 690 818 760 lug.
844 689 871 756 3,
901 688 926 744 4.
947 694 996 746 ulti
1017 694 1142 753 Krituiui
1168 701 1198 752 el

204 779 240 832 ud
260 779 312 844 31,
340 779 384 832 29.
427 778 584 831 Ochenerae
612 776 641 840 iu
672 777 768 846 Eclog.
800 793 826 844 p.
862 774 925 828 255.
961 778 1044 833 offert
1067 782 1198 836 liuldriei

202 863 301 934 Progr.
319 882 358 933 p.¹
375 862 402 916 4.
421 870 449 916 et
464 863 658 931 wyttenbach.
676 861 711 933 ad
726 859 869 918 Plutarch.
895 863 1004 916 Consul.
1030 883 1057 933 p.
1079 865 1140 920 199.
1163 869 1197 924 F.

135 973 138 980 ι
193 993 197 1002 ’
239 989 356 1066 Quintil.
378 989 406 1055 2,
429 987 455 1055 3,
477 987 503 1044 6.
521 1007 593 1058 neure
614 973 653 1069 sic
672 990 701 1042 in
723 975 1199 1068 nmioributueminetstteummh

204 1089 268 1126 nora
294 1078 435 1144 deficiunt:
452 1075 505 1128 nisi
524 1080 608 1144 sorte
631 1075 716 1128 lovem
740 1075 843 1142 quidem
872 1075 983 1130 Pttttos
1008 1075 1102 1144 optime
1119 1080 1201 1154 simle

203 1159 253 1212 illu
274 1168 376 1227 cutem,
410 1177 477 1229 qaue
504 1160 532 1214 ia
554 1166 733 1212 oruamentum
768 1159 852 1228 operis
879 1160 933 1214 eior
965 1161 1097 1230 accedunt,
1128 1165 1199 1218 uliae

204 1245 296 1298 melius
312 1247 476 1298 elaborasset.
512 1245 597 1298 ittet.
613 1243 647 1298 ad
664 1242 826 1307 Herenni,
847 1241 874 1308 4,
896 1243 922 1296 6.
937 1251 998 1298 sunt
1021 1247 1092 1298 cuim
1114 1249 1200 1320 mutto
1268 1235 1269 1238 ¹

206 1327 436 1399 latorium-quoe
450 1331 473 1384 ei
491 1325 620 1400 facietis,
646 1345 697 1380 non
720 1327 842 1382 continua
865 1330 1032 1398 gloriemini:
1061 1327 1200 1402 uisisurte

204 1413 294 1474 etiarn,
319 1416 344 1466 ei
366 1424 493 1512 pertua
479 1433 560 1469 rnuuu
579 1414 691 1482 subulas
715 1421 763 1467 out
788 1415 917 1468 orationes
934 1409 1198 1484 *transscripeisrotin

203 1497 290 1634 ςὶοῖι
289 1517 348 1636 Ἑν
373 1499 512 1569 putaretis.
563 1497 620 1550 Alii
647 1497 758 1550 codioee
779 1500 885 1568 putetis.
926 1496 982 1554 'sea
1011 1499 1199 1557 coniunctivae

202 1590 250 1650 put
269 1601 297 1636 re
354 1593 389 1636 ex
410 1585 499 1638 altero
524 1581 763 1668 transscripsisretis
783 1580 895 1652 prodiit.
931 1580 1045 1638 Sallust.
1066 1583 1130 1654 Ing,
1152 1583 1196 1652 14,

187 1665 247 1743 w·
266 1669 361 1752 quippe
378 1669 434 1737 quis
447 1669 529 1722 lucetis
546 1670 633 1720 nullus
647 1663 714 1732 erut,
729 1669 783 1720 nisi
801 1667 874 1736 sorte
898 1669 973 1738 quern
992 1689 1034 1722 uos
1054 1665 1202 1726 iussissetis.¹

205 1745 290 1806 Bene
296 1751 418 1805 Krituiuo
432 1759 526 1806 mouet
541 1750 748 1808 οοιιίιιιιιιίιιιιιι
763 1771 796 1808 ex
812 1754 930 1808 relativo
946 1753 1075 1824 pendere.
1118 1753 1199 1824 Apud
1214 1779 1219 1790 ·

207 1819 265 1890 ci'c
281 1836 315 1890 ad
333 1840 387 1892 att.
410 1837 437 1903 8,
454 1838 497 1891 19.
514 1837 696 1904 niciforte-
710 1839 853 1905 censueris,
880 1855 962 1906 quem
988 1841 1081 1894 locum
1103 1839 1199 1910 grani-
1297 1864 1299 1873 ·

206 1921 300 1976 uiatici
316 1923 444 1987 afferunt,
465 1931 590 1992 apertum
607 1929 649 1976 eet
669 1923 792 1976 tutorum
818 1941 894 1980 essee
919 1925 991 1995 apud
1013 1925 1129 1993 Quintil.
1152 1925 1197 1996 12,
1276 1953 1280 1959 ¹
1333 1945 1336 1955 ¹

206 2005 233 2074 2,
249 2007 277 2060 2.
302 2010 433 2062 meliores
452 2009 518 2062 libri
532 2009 709 2078 suppeditant
730 1999 921 2064 indicativum.

239 2119 444 2187 Lactantiuul,
460 2121 487 2185 3,
505 2119 531 2174 2
549 2122 682 2187 nisisorte
699 2121 861 2173 arbitrumve.
887 2119 951 2172 Sed
967 2131 1002 2172 ue
1018 2091 1200 2188 hisquidem

207 2206 267 2260 siue
279 2207 415 2262 varietate
427 2209 589 2276 scripturae.
606 2206 695 2260 detra
707 2205 751 2270 19,
764 2204 809 2260 35.
823 2205 875 2258 uiso
867 2205 957 2270 forte
971 2203 1028 2272 quis
1042 2205 1200 2258 arbitretur.

204 2290 274 2344 vito
298 2295 470 2346 Bauemenu.
498 2293 532 2346 ut
560 2293 586 2359 1,
612 2291 656 2355 13,
680 2289 705 2343 1.
728 2287 838 2358 Apulei.
862 2288 942 2356 Apol.
960 2304 987 2354 p.
1004 2285 1066 2353 294,
1086 2287 1131 2346 24.
1147 2288 1202 2344 nisi

199 2382 271 2446 sorte
287 2380 334 2432 boc
350 2397 392 2430 uos
414 2381 450 2432 ud
468 2379 635 2432 mendacium
652 2377 788 2444 incluserit.
823 2373 879 2428 Sed
896 2372 1068 2442 Oudendorp.
1091 2389 1125 2428 ex
1149 2392 1199 2428 aa«

174 2461 177 2470 '
205 2461 289 2530 tiquie
316 2462 397 2516 libris
419 2463 529 2518 inducit.
572 2464 657 2516 Certa
681 2461 808 2530 exempla
831 2459 1026 2512 Bauerueuuue
1056 2458 1139 2514 affert
1164 2473 1200 2514 ex

140 2571 146 2584 ·
207 2545 315 2600 Hilarii
334 2547 422 2602 libris.

240 2637 285 2710 Die
306 2659 368 2712 tooo
391 2644 494 2722 Taciti,
516 2653 545 2710 iu
566 2670 621 2726 quo
643 2653 798 2709 tountavm
822 2659 884 2724 pout
902 2654 966 2708 nisi
981 2658 1057 2724 forto
1079 2653 1110 2708 in
1132 2669 1199 2710 ore-

205 2739 281 2798 lione
300 2743 415 2812 oblique
436 2743 552 2813 legitur,
573 2742 639 2796 ride
661 2743 742 2796 Τοιιι.
762 2739 789 2792 2.
811 2757 839 2809 p.
859 2737 920 2792 133.
942 2741 971 2792 et
988 2755 1073 2807 rupee
1093 2756 1121 2792 ιι.
1135 2738 1163 2793 3.

226 2853 275 2918 14.
319 2851 461 2918 Additur
491 2876 592 2958 vero,
624 2853 681 2916 ubi
714 2849 892 2917 affirmatio
925 2848 1064 2931 accedit,
1102 2847 1197 2949 qnod
1296 2843 1298 2848 ’

137 2939 258 3005 Graeci
278 2939 392 3004 dicunt
414 2934 510 3022 sipi
470 2963 575 3024 pum
618 2940 807 3036 Vtramque
823 2937 941 3000 transit
960 2937 992 3000 in
1009 2957 1106 3000 usum
1124 2937 1197 3002 iro·-

136 3026 263 3092 nicum.
293 3025 425 3090 Cicero
447 3048 544 3108 saepe
565 3023 626 3088 hac
653 3023 818 3122 loquendi
837 3021 947 3087 forma
977 3024 1092 3100 utitur,
1121 3043 1198 3108 qua,

138 3115 332 3212 quaestione
369 3111 409 3175 de
437 3113 573 3176 vertute
603 3109 739 3174 alicuius
771 3109 820 3174 rei
849 3107 1049 3208 praemissa,
1086 3108 1199 3173 adiicit

137 3197 291 3286 pernisi
313 3219 389 3262 uero
413 3198 607 3260 senteutiam
621 3214 719 3283 ‚qua
743 3195 946 3259 contrarium
970 3203 1107 3284 apparet
1128 3215 1198 3258 esse
1257 3209 1259 3216 '

137 3285 331 3350 absurdum.
376 3281 472 3368 Apud
494 3244 686 3348 Sallustium
708 3281 838 3346 uallum
860 3289 969 3346 exstat
991 3279 1199 3368 cuempiam,
1239 3314 1241 3318 ·

136 3393 199 3438 nec
220 3371 308 3462 apud
331 3367 426 3434 Tacit
413 3379 497 3459 ιιιιι.

240 3498 298 3551 cic.
316 3497 350 3550 de
369 3495 445 3550 Orat.
463 3495 490 3561 1,
510 3495 554 3562 51,
571 3493 632 3550 242.
653 3497 772 3548 nisiuero
785 3485 819 3533 ἔ-
846 3495 878 3544 lu
897 3489 987 3545 libellis
1018 3496 1067 3562 aut
1091 3507 1201 3561 praeoe-

204 3585 258 3656 ptis
275 3583 356 3636 eoceri
371 3577 410 3635 tui
424 3594 546 3636 causeum
566 3583 615 3634 Μ’.
636 3581 710 3634 Curii
726 3577 876 3648 defendisti.
896 3574 1094 3656 ulrisirouium,
1113 3593 1198 3647 quera

93 3719 95 3722 .
205 3668 371 3736 interpretes
387 3673 490 3733 notant,
509 3667 638 3736 equidem
655 3683 708 3720 uou
722 3663 820 3720 ιιιιιιίο.
1227 3655 1229 3668 ’

242 3779 300 3834 Cic.
318 3777 347 3832 iu
363 3777 439 3832 l'orr.
460 3777 487 3846 5,
505 3777 532 3850 9,
549 3773 607 3830 24.Ἰ
620 3777 683 3830 baec
704 3777 791 3831 omniu
819 3773 1009 3828 eero'redcmit
1031 3773 1197 3843 Apollonius,

207 3850 262 3920 ium
284 3883 397 3920 moerore
424 3881 457 3918 oc
490 3863 601 3918 miseriis
622 3863 778 3933 perditus:
797 3859 842 3912 sed
867 3867 953 3914 tumen
977 3857 1072 3912 octauo
1098 3861 1196 3927 docuit,

142 3963 159 4000 ὀ
206 3960 270 4006 unte
291 3951 368 4004 istius
393 3949 525 4002 auaritiae
546 3965 580 4002 ac
599 3947 687 4001 sceleri
708 3963 857 4016 occurrerer
881 3945 933 3998 uisi
955 3963 1014 3998 uero
1034 3945 1198 4010 existimatio,

208 4037 337 4092 bominem
354 4033 592 4133 pecuniosissimum
608 4033 663 4086 eine
681 4027 771 4100 aliquo
783 4047 875 4084 cauere
896 4037 1013 4098 quaestus
1034 4023 1141 4083 elettunl
1159 4031 1198 4082 ad

160 4131 263 4180 tom
286 4119 556 4176 rwedrbolocrrmerr
578 4114 848 4187 [3411193319.
875 4113 1035 4242 deblntd.
1049 4113 1077 4186 3,
1092 4111 1195 4181 11,21.

167 4202 421 4278 petitam
442 4202 527 4274 tlt.
611 4243 750 4296 ··“¹',·¹
