2876 4752
260 279 327 366 ste
366 254 376 274 “
739 279 840 369 nist.

269 473 362 544 naam
377 463 530 548 redacta,
553 448 693 534 verbum
717 467 836 554 agendi
869 470 937 536 sive
962 459 1109 536 testandi
1133 453 1326 535 addendum

268 556 419 642 requirit.
460 551 508 620 Ita
533 555 642 620 Livius
665 553 749 620 dixit
764 562 797 636 2,
820 559 875 629 δί.
901 561 951 620 10.
981 569 1132 620 vetur-cm
1155 556 1193 619 in
1207 554 1327 618 medio
1424 595 1425 600 κ

270 643 422 737 dirielum
441 641 532 705 nibil
545 639 647 715 ulirrd
667 663 770 729 quam
788 639 884 707 datia
899 639 1128 728 uolrrptalibna
1131 638 1222 729 frui.
1252 640 1328 705 lam

272 724 353 796 tero
376 725 563 814 quaeritur,
592 749 675 794 num
698 729 811 792 eadem
836 728 935 793 ctiam
952 749 1014 815 per
1031 727 1122 792 nibil
1141 725 1242 791 uliud
1255 727 1329 790 nisi

271 813 414 902 exprimi
434 813 573 900 possint.
616 814 827 900 Antiquiorcs
851 813 1032 900 scriptores
1047 819 1114 877 non
1133 813 1176 876 ita
1186 813 1328 898 loquuti

272 907 368 978 sunt,
397 898 455 964 sed
482 898 703 978 recentiores,
729 899 810 986 qui,
842 900 1017 966 obscurata
1045 899 1172 986 origine
1198 898 1328 962 horum

271 984 465 1059 verborum,
486 984 706 1049 adverbialcm
729 1007 827 1049 usum
846 987 912 1062 larii
936 983 1118 1050 stabilitum
1147 983 1327 1048 habebant.
1425 1005 1426 1008 ¹

270 1073 379 1158 Atque
395 1071 431 1135 in
450 1081 567 1136 natura
592 1070 743 1135 vocabuli
765 1071 844 1146 nisi,
866 1071 968 1158 'q‘u'am
992 1070 1226 1160 exposuimus,
1253 1091 1330 1132 eer-
1425 1057 1426 1114 3

270 1154 362 1224 nitur
378 1175 507 1234 caussa,
530 1174 589 1220 eur
605 1168 676 1220 noa
691 1156 778 1221 idem
794 1155 867 1221 fieri
886 1159 1041 1244 potuerit.
1103 1157 1328 1222 cicers'enim
1425 1173 1426 1188 ¹

272 1253 305 1313 et
328 1243 387 1330 qui
403 1251 480 1307 sunt
495 1243 587 1306 istius
604 1244 717 1306 aetatis
732 1243 823 1307 nibil
836 1243 935 1306 alirrrl
956 1243 1026 1307 nisi
1048 1241 1201 1306 dicebant
1217 1243 1274 1321 ita,-
1290 1251 1329 1304 ut

271 1338 328 1395 aut
344 1329 412 1394 duo
434 1327 533 1393 verba
549 1338 807 1416 apponerenturt
834 1339 889 1392 aut
903 1329 992 1394 idem
1013 1328 1152 1393 verbum
1170 1333 1330 1392 exuera-

271 1422 337 1568 3ue
360 1424 456 1502 parte
480 1413 662 1478 sententiae
684 1425 919 1501 aptumesset.
972 1415 1041 1479 lam
1072 1409 1260 1479 Beneelsius
1286 1413 1328 1476 ad

306 1509 364 1567 rat.
385 1521 419 1588 p.
441 1500 525 1587 imp.
555 1501 673 1586 Pomp.
706 1525 741 1588 p.
769 1505 844 1568 309.
869 1501 1101 1566 animadvertit
1130 1501 1329 1565 Ciceronem
1426 1565 1427 1568 Ἴ

271 1587 305 1652 in
324 1585 386 1651 hac
402 1595 568 1650 structura
593 1608 727 1672 semper
752 1586 890 1650 verbum
919 1586 1111 1651 uniusmodi
1138 1586 1329 1668 adiungere,

272 1671 678 1758 quod‘construc‘tionem
710 1673 911 1737 etiamnum
945 1673 1130 1741 accusativo
1156 1672 1327 1735 admittat:

272 1769 305 1824 et
328 1757 589 1845 Stiirenburgius
609 1757 647 1821 ad
662 1757 771 1824 Orat.
793 1780 828 1844 p.
852 1757 951 1824 Arch.
970 1762 1001 1839 4,
1021 1757 1159 1823 8.'·hunc
1181 1759 1331 1843 scripto-

271 1865 344 1910 rem
360 1864 544 1930 numquam
564 1844 686 1908 dixisse
709 1843 870 1910 dearilla
896 1845 971 1910 alia
996 1867 1052 1927 νο.
1079 1844 1153 1910 nisi
1175 1841 1218 1908 dc
1241 1843 1330 1906 aiei-

272 1934 346 1996 tute
361 1929 450 2007 dico,
483 1929 540 1994 sed
566 1924 634 1994 sem
665 1951 701 1994 er
723 1931 762 1993 a'd
794 1929 882 1994 istud
907 1933 1043 1996 verbum
1072 1941 1200 2019 aptasse
1226 1951 1331 1992 aecu-

271 2016 412 2081 sativum
436 2015 525 2080 citit
548 2015 618 2082 aliu
648 2065 657 2096 ,
680 2025 716 2078 ut
737 2015 831 2081 fieret
857 2016 945 2080 nibil
966 2015 1066 2082 atiud
1087 2016 1157 2081 nisi
1181 2013 1225 2080 de
1241 2015 1331 2080 civi-

272 2113 348 2168 tate
375 2101 467 2166 dico.
515 2099 609 2166 ‘lllud
626 2105 742 2168 revoca
763 2101 801 2166 ad
823 2102 1074 2192 intelligendum
1095 2103 1183 2168 idem
1197 2118 1212 2178 ‚·
1238 2099 1330 2187 quod

272 2187 308 2254 in
326 2187 426 2254 altera
455 2197 551 2276 parte
572 2188 709 2258 dicitur,
738 2187 895 2270 verbum,
912 2187 916 2196 ’
936 2191 970 2253 in
996 2211 1062 2275 quo
1089 2188 1214 2276 duplex
1243 2209 1333 2250 con·

273 2275 421 2338 struendi
444 2274 567 2338 modus
590 2273 728 2360 quadrat
737 2299 751 2338 ε·
776 2273 841 2338 hoc
865 2285 974 2339 nutem
996 2280 1162 2338 monstrat
1177 2273 1337 2338 vocabu·-

272 2360 315 2426 lis
328 2359 427 2425 'nillil
444 2358 545 2424 aliud
561 2360 631 2424 nisi
656 2358 835 2424 formulam
862 2359 961 2430 fuisse
986 2357 1128 2444 iactam,
1161 2371 1244 2446 quae
1270 2359 1332 2422 ad-

273 2447 376 2512 verbii
400 2446 505 2510 instar
533 2457 758 2532 usurparetur.
810 2447 966 2512 Ceterum
1008 2447 1098 2534 quod
1122 2445 1333 2534 grammatici

273 2541 405 2596 tanturn
429 2553 501 2594 non
526 2549 641 2595 omnes
667 2532 865 2596 observasse
879 2533 942 2599 sibi
960 2533 1019 2599 visi
1035 2543 1112 2596 sunt
1132 2534 1332 2598 Ciceronem

274 2616 470 2688 abstinuisse
487 2640 505 2680 a
520 2615 668 2680 formula
683 2617 773 2680 nibil
789 2617 889 2682 uliud
906 2642 1019 2708 qrram,
1037 2619 1093 2683 scd
1110 2627 1245 2706 semPer
1260 2615 1332 2682 fere

275 2703 396 2768 dixisse
408 2702 499 2767 nihil
518 2699 618 2766 aliteri
632 2702 719 2780 nisi,
744 2702 774 2765 id
797 2709 998 2770 non'terum
1016 2727 1086 2769 esse
1103 2701 1241 2768 Quoad
1264 2703 1332 2769 Cic.

275 2791 317 2854 dc
338 2789 417 2854 Scn.
431 2808 466 2876 p.
482 2791 607 2852 atomi
623 2787 809 2852 lieneckius
825 2787 969 2856 collectis
994 2791 1154 2880 exemplis
1176 2799 1225 2854 sat
1241 2789 1335 2853 mul-

163 2885 165 2891 '
274 2875 317 2940 tis
336 2874 651 2940 demonstraverunt
666 2873 809 2960 ideoque
825 2875 923 2942 falsas
939 2877 1145 2962 suspiciones
1162 2875 1202 2940 ab
1221 2875 1334 2940 Ochs-

273 2982 359 3026 nero
387 2960 423 3024 in
439 2959 554 3047 Eulog.
579 2981 612 3046 p.
634 2961 707 3026 252.
730 2975 914 3028 commotas
935 2963 1186 3052 propulsarunt.
1214 2961 1334 3026 Poste·

273 3047 375 3113 rioris
409 3047 521 3110 aetatis
546 3049 726 3133 scriptores
749 3047 954 3133 frequentias
990 3050 1192 3136 usurpabant
1217 3071 1333 3138 quam,

272 3131 374 3219 idque
391 3132 505 3210 etiam,
528 3131 587 3196 ubi
594 3133 926 3220 praeterlegerant',
947 3135 1208 3224 substituerunt,
1232 3135 1334 3200 veluti

272 3219 461 3286 Lactantius
478 3221 510 3320 b,
535 3221 588 3300 13,
613 3221 674 3283 10.t
684 3219 717 3282 in
735 3218 818 3284 loco
834 3217 1003 3289 Ciceronis
1020 3222 1061 3286 de
1078 3219 1193 3305 ΟΜ,
1209 3223 1241 3300 2,
1258 3222 1290 3286 5.

376 3362 410 3416 F.
435 3360 471 3416 A.
498 3361 622 3428 wolfius,
642 3377 724 3430 quem
742 3364 902 3434 Hcraegius
926 3383 953 3434 p.
978 3366 1022 3420 19.
1046 3365 1171 3420 nominat
1193 3367 1335 3427 auctorem

340 3441 494 3506 catastam
507 3446 657 3516 praecepti,
682 3465 832 3518 utrmqunm
849 3451 884 3506 de
900 3453 954 3506 buc
967 3469 1000 3504 rc
1019 3447 1179 3518 disputavit,
1196 3449 1244 3516 aad
1260 3451 1335 3502 Koe-

342 3535 420 3588 lerus
435 3540 504 3598 crat,
523 3533 616 3603 quiin
635 3533 728 3588 warni
744 3535 884 3590 nantensis
896 3539 948 3593 tv.
973 3554 1004 3605 p.
1023 3536 1085 3590 384.
1109 3539 1186 3591 necte
1208 3533 1335 3602 exposuit

342 3619 540 3686 differentiam,
552 3651 555 3656 Α
568 3618 597 3674 in
621 3632 654 3671 eo
681 3623 779 3682 manen*
795 3622 882 3677 falsus
892 3661 902 3690 ,
925 3623 997 3688 quod
1019 3623 1087 3678 nibil
1113 3621 1189 3672 allud
1202 3619 1253 3670 nisi
1268 3617 1337 3672 dicit

281 3715 284 3724 '
343 3704 472 3774 componi
486 3705 589 3764 debere
607 3723 671 3758 cum
686 3705 793 3764 duobus
805 3707 898 3767 uerbis
913 3707 1048 3770 diversis.¹
1081 3707 1161 3775 Quae
1180 3703 1337 3757 Rauenna-

280 3801 283 3810 ’
329 3790 403 3846 nius
420 3790 543 3860 disputat
563 3791 690 3848 Gramen.
709 3809 737 3861 p·
751 3791 814 3851 815,
834 3809 929 3849 aerem
947 3792 1071 3862 plurim
1093 3809 1147 3846 non
1162 3787 1301 3856 intelligo.

376 3899 577 4040 bibres-tiene}
595 3905 626 3957 st
652 3903 731 3974 punt
747 3907 953 3960 commutarant
971 3903 1000 3957 in
1015 3902 1072 3958 Cic.
1089 3902 1173 3956 'Pasa
1189 3901 1216 3968 1,
1230 3897 1275 3966 24,
1289 3897 1336 3951 at.

341 3986 439 4042 lustin.
458 3987 485 4053 1,
516 4025 525 4051 ‚
541 3987 558 4038 1
577 4023 584 4038 .
1247 4001 1249 4006 ·

295 4072 300 4094 ⁴
375 4079 806 4170 otc.p.tarta1n,ao.aamst
821 4090 970 4158 Torquatus
987 4087 1092 4142 Saltum
1113 4091 1266 4149 armasset,
1285 4101 1336 4153 ego

341 4184 442 4246 queem
455 4173 503 4232 tos
524 4179 640 4246 tenpore
660 4174 728 4229 situ
748 4173 823 4230 atiud
839 4187 964 4246 egerem
990 4171 1336 4243 autumabamus
