2870 4760
214 287 282 366 lib
693 281 792 360 PER·

282 460 338 532 pits
354 455 516 531 solertes&
528 473 576 527 por
588 463 615 512 ts
628 465 814 530 oppugnatum
824 455 868 515 tet.
890 453 1100 519 clarentem
1108 456 1181 531 lopus
1192 458 1286 520 roob·

224 599 228 606 .
283 551 413 616 repetens
430 541 461 607 ,6,
483 539 510 606 2,
535 541 562 596 1.
581 561 724 612 numquam
742 551 775 612 ts
796 562 815 612 ᾳ
831 559 872 606 ¹me
886 545 1003 598 ludibrio
1018 545 1118 609 laesum
1130 547 1174 601 iri.
1192 546 1285 613 mu,

283 630 309 683 b.
328 631 383 682 nisi
399 629 455 682 iam
477 628 579 696 aliquid
597 633 705 698 sactum
728 638 765 683 est
790 641 838 699 per
857 629 1057 697 Flaccumfiet
1072 649 1090 682 a
1109 643 1159 684 τιε.
1174 629 1286 698 usibil-

223 767 229 776 ,
283 715 310 779 b,
330 714 356 768 9.
375 713 404 766 id
420 714 574 781 assequitur,
587 715 610 765 si
623 731 670 783 ρετ
683 723 829 784 praetorem
846 717 963 768 eonsules
975 726 1113 770 creantur.-
1131 733 1178 769 nos
1192 725 1287 772 autem

284 801 398 851 inlibris
415 800 555 863 babemus,
572 817 627 851 non
643 799 719 852 modo
736 801 853 855 eonsules
871 819 889 854 a
901 810 1039 871 praetore,
1066 803 1112 856 sed
1127 821 1158 856 sse
1170 809 1286 873 praeto*

286 902 328 937 res
345 886 449 954 quidem
467 885 552 936 creari
569 884 611 936 ius
632 901 694 936 esse.
737 883 855 950 Quintil.
875 883 902 951 8,
921 885 946 952 l,
965 885 992 940 5.
1014 888 1141 958 pleraque
1160 905 1212 942 non
1235 890 1285 941 in·

285 978 361 1023 uentu
378 987 424 1040 per
440 986 497 1034 me,
515 969 561 1021 sed
578 969 612 1021 ab
631 969 691 1022 aliis
708 971 823 1026 tradita.

321 1088 439 1156 Quintil.
454 1087 480 1152 1,
495 1085 522 1152 l,
535 1085 562 1140 5.
581 1089 643 1144 item
659 1105 741 1153 oum,
754 1090 777 1141 si
789 1096 891 1160 tempus
906 1091 1071 1162 significaret
1091 1109 1140 1161 per
1157 1110 1182 1162 p,
1196 1091 1222 1148 n·
1236 1111 1285 1148 ao·

286 1177 376 1230 mitem
391 1191 441 1244 ρετ
455 1191 469 1226 o
482 1191 513 1238 ao
528 1175 596 1226 duas
608 1183 739 1242 sequentes
754 1177 916 1232 scriberetur.

304 1305 336 1366 2.
357 1299 497 1387 Proprie
522 1299 642 1364 dieitur
664 1321 730 1385 ρετ
756 1300 796 1366 de
823 1305 871 1382 iis,
893 1303 949 1392 qui
970 1303 1157 1388 iungendis
1181 1303 1285 1370 rebus

219 1387 440 1460 intercedunt,
465 1396 520 1450 snt
545 1389 651 1451 vicem
679 1387 813 1451 olicnino
842 1392 997 1479 explent,
1037 1399 1070 1454 et
1097 1391 1138 1454 de
1168 1389 1285 1469 rebus,

220 1473 340 1562 quibus
364 1472 484 1539 mediis
510 1473 633 1560 aliquid
659 1464 841 1561 perficitur.
1166 1481 1168 1488 ’

323 1609 381 1662 (lie.
398 1627 425 1676 p.
440 1608 524 1662 Boeo.
537 1609 597 1662 Am.
615 1609 659 1678 38,
674 1609 734 1661 112.
751 1612 840 1666 recede
852 1613 885 1664 dr
901 1613 1002 1664 medios
1021 1631 1069 1682 ρετ
1081 1613 1165 1664 alium
1179 1614 1286 1666 transi·-

287 1713 362 1766 ἔστι.
380 1694 437 1745 Cio.
447 1695 518 1761 npnd
527 1694 645 1749 Sallust.
655 1694 767 1760 cotes,
779 1698 805 1748 1.
824 1699 976 1767 Allobroges
987 1716 1018 1750 ετ
1027 1706 1165 1768 praesepto
1180 1700 1287 1752 Cicero·

287 1781 329 1832 nis
344 1798 391 1847 per
409 1782 550 1834 Gabinium
567 1791 662 1836 obteras
676 1785 837 1836 eonueniunt.
863 1782 981 1848 Quintil.
995 1783 1022 1846 9,
1039 1783 1065 1846 ll,
1079 1781 1122 1834 41.
1140 1801 1190 1852 ego
1203 1801 1287 1852 quum

256 1908 259 1913 .
289 1867 317 1916 in
330 1868 451 1935 gratiam
466 1869 589 1920 redierim
605 1887 664 1920 eum
672 1869 760 1938 Appia
778 1869 892 1922 Claudio
907 1877 930 1920 et
939 1869 1061 1920 redierim
1074 1885 1121 1937 per
1138 1869 1187 1920 Gn.
1205 1870 1286 1922 Pom·

213 1999 216 2006 .
284 1952 385 2020 poium.
418 1949 530 2006 Sueten.
558 1955 638 2008 csse.
660 1953 703 2006 16.
722 1962 824 2006 senatus
847 1981 882 1992 -
913 1953 1018 2023 gratias
1038 1955 1061 2005 ei
1085 1973 1133 2022 per
1158 1955 1287 2022 primores

289 2037 357 2090 uiros
374 2039 438 2106 egit.
456 2037 500 2090 bs.
520 2040 603 2091 edidit
616 2065 652 2079 ··-
683 2038 760 2092 ludos
780 2056 828 2107 per
839 2039 954 2090 amnium
971 2039 1123 2108 linguarum
1140 2039 1287 2095 bietriones.

291 2121 371 2174 Caes.
387 2121 420 2174 B.
436 2122 488 2176 aiv.
504 2122 562 2186 3,1
582 2125 721 2186 constituit,
741 2131 771 2176 ut
787 2124 880 2176 arbitri
895 2126 1038 2175 darentur:
1066 2141 1115 2192 ρετ
1129 2139 1173 2176 eos
1188 2128 1287 2192 fierent

289 2211 482 2262 aestimativam
500 2210 693 2279 possessionum.
714 2209 828 2262 Sueten.
842 2207 921 2260 (ines.
940 2205 984 2261 26.
1008 2209 1104 2260 tirones
1126 2238 1161 2250 -
1182 2212 1210 2262 in
1236 2213 1289 2264 do·

290 2295 375 2346 mibus
393 2313 442 2364 ρετ
457 2297 552 2362 equites
564 2312 683 2350 romanoe
696 2301 772 2360 oeque
786 2295 863 2344 etiam
877 2311 925 2362 ρετ
940 2301 1068 2344 senatores
1083 2311 1219 2348 armorum
1235 2314 1288 2364 ρε·

225 2369 229 2379 '
289 2379 353 2431 ritos
374 2382 518 2433 erudiebat.
551 2377 625 2431 Plia.
646 2375 810 2444 Pan.88,1.
826 2395 873 2447 ρετ
887 2380 934 2430 leae
952 2379 1107 2443 audiebant,
1123 2397 1170 2448 per
1185 2382 1231 2443 bos
1245 2383 1286 2436 lo-

290 2467 447 2532 quebantur,
464 2483 514 2533 ρετ
537 2465 584 2518 lens
604 2474 744 2534 praeturae
767 2465 845 2516 etiam
866 2471 892 2515 et
911 2464 1057 2515 sacerdotia
1078 2470 1101 2515 et
1123 2466 1286 2532 consulatus,

289 2550 369 2602 immo
385 2559 411 2602 et
428 2551 462 2604 ab
478 2550 519 2602 leis
533 2551 699 2619 petebantur.
729 2549 804 2601 curt
828 2543 854 2612 4,
869 2546 895 2612 1,
910 2543 937 2597 4.
961 2548 1110 2601 Alexander
1131 2549 1287 2605 Parmenio-

288 2651 368 2696 nem,
386 2653 434 2702 ρετ
452 2655 525 2705 quem
541 2637 614 2704 apud
631 2637 789 2688 Damascum
804 2640 908 2702 recepta
924 2639 980 2685 erat
999 2634 1104 2702 praeda
1116 2661 1147 2674 -
1187 2636 1286 2706 Suriae

285 2722 425 2788 praefecit.
447 2717 466 2778 i.
484 2738 509 2774 ε.
525 2720 635 2774 nomino
652 2719 810 2785 Alexandri,
825 2716 883 2770 sive
897 2717 932 2770 nb
949 2733 982 2770 eo
997 2717 1097 2770 iussus.

324 2837 384 2890 Cio.
399 2836 428 2890 in
441 2837 518 2891 Vere.
536 2837 562 2906 ⁵,
580 2839 623 2908 47,
640 2838 699 2893 125.
718 2858 788 2893 nurse
800 2855 847 2908 ρετ
861 2855 902 2890 τηε
916 2837 1031 2906 spoliati,
1049 2853 1117 2892 naue
1133 2855 1152 2890 a
1164 2841 1285 2909 ρτεεᾶε-

289 2924 363 2975 nibus
380 2927 511 2991 abduota,
528 2927 579 2996 ipsi
594 2928 621 2978 in
634 2927 746 2980 bostium
759 2941 868 2976 numera
883 2924 987 2993 locoque
1002 2923 1142 2976 ducemini.
1156 2939 1183 2991 ρ.
1201 2923 1285 2991 Sulla

288 3009 332 3074 22,
350 3009 393 3064 63.
412 3012 442 3062 in
454 3029 486 3064 ea
500 3029 528 3064 re
541 3028 589 3080 ρετ
604 3013 636 3064 Ia.
660 3012 802 3066 Caecilium
824 3009 902 3064 Sulla
915 3017 1061 3074 asseratur,
1087 3010 1115 3062 irs
1133 3017 1286 3080 quareret

293 3103 403 3164 uterque
422 3097 580 3150 laudandus.
617 3107 621 3133 ³

269 3197 271 3202 ,
323 3214 404 3268 Caes.
422 3217 454 3268 B.
472 3216 539 3286 gall.
555 3215 582 3283 l,
596 3213 640 3268 47.
657 3217 800 3269 nonnullae
813 3214 976 3283 (mulieres)
989 3215 1021 3267 de
1037 3214 1118 3267 muris
1130 3229 1177 3284 per
1189 3230 1285 3268 manus

289 3304 414 3356 demissae
430 3320 483 3356 sese
505 3303 627 3354 militibus
641 3302 787 3354 tradebant.
807 3299 835 3366 6,
851 3300 893 3352 38.
913 3317 994 3370 aegre
1008 3315 1058 3369 ρετ
1079 3315 1172 3350 manus
1186 3307 1285 3354 tractus

255 3421 257 3428 ι
289 3397 417 3445 seruatur.
454 3387 571 3455 Quintil.
589 3385 615 3453 4,
634 3387 657 3451 l,
671 3383 698 3438 b.
715 3404 763 3457 per
784 3387 895 3456 quaein
919 3386 1039 3437 animum
1063 3383 1157 3437 tuttets
1175 3409 1213 3426 —-
1228 3386 1283 3438 ad-

289 3476 428 3528 mittimur.
446 3475 489 3540 1⁰,
507 3476 534 3541 1,
553 3473 596 3527 Sl.
614 3489 662 3544 per
678 3490 742 3542 quae
756 3489 849 3524 nomen
865 3477 901 3523 est
919 3477 1072 3537 assecutus„

267 3575 270 3590 ἱ
325 3594 373 3646 Ρετ
392 3595 503 3646 iudicem
527 3589 720 3647 iurisconsulti
745 3591 841 3643 dieunt
864 3589 899 3642 do
929 3587 1030 3641 iudicio
1049 3585 1216 3642 interventu.
1237 3587 1286 3642 sd.

290 3677 414 3731 Boinoa.
434 3679 457 3734 τ’.
475 3679 504 3732 h.
520 3695 548 3732 τ.
756 3679 758 3686 ’

306 3809 338 3869 3.
369 3805 510 3892 Proprie
532 3807 631 3872 etism
653 3805 721 3870 hoe
743 3801 849 3870 modo
878 3801 1082 3889 significatur
1110 3822 1223 3866 cenoso
1247 3799 1285 3868 in

222 3890 336 3954 animo
362 3892 433 3969 sito,
458 3915 498 3955 ex
524 3915 589 3978 qun
612 3893 696 3958 notio
721 3891 844 3980 prodit.
887 3888 1093 3976 Frnneognlli
1123 3909 1199 3953 eam
1224 3911 1285 3986 np-

219 3977 348 4064 pellnnt
364 3976 396 4043 le
413 3976 524 4068 motis
555 3981 624 4044 Nee
636 3990 723 4044 recte
744 3977 910 4042 Webesus
929 3979 964 4042 in
980 3975 1124 4041 Exercit.
1142 3975 1198 4038 lot.
1217 3973 1287 4040 suli

219 4085 257 4152 ρ.
280 4070 357 4131 160.
378 4064 570 4132 universnm
592 4064 774 4154 particulae
791 4074 945 4130 naturam
969 4061 1011 4130 ad
1036 4071 1212 4129 externam
1228 4083 1286 4125 ro-

220 4170 300 4218 rum
320 4153 552 4223 conditionem
582 4153 695 4224 refus.
745 4149 958 4221 Recentiores
978 4149 1070 4221 enim
1090 4148 1287 4238 scriptores,
