<?xml version="1.0" encoding="UTF-8"?>
<!DOCTYPE html PUBLIC "-//W3C//DTD XHTML 1.0 Transitional//EN"
    "http://www.w3.org/TR/xhtml1/DTD/xhtml1-transitional.dtd">
<html xmlns="http://www.w3.org/1999/xhtml" xml:lang="en" lang="en">
 <head>
  <title>
</title>
<meta http-equiv="Content-Type" content="text/html;charset=utf-8" />
  <meta name='ocr-system' content='tesseract 3.04.00' />
  <meta name='ocr-capabilities' content='ocr_page ocr_carea ocr_par ocr_line ocrx_word'/>
</head>
<body>
  <div class='ocr_page' id='page_1' title='image "./ferdinandihandi02torsgoog_0260.png"; bbox 0 0 2876 4752; ppageno 0'>
   <div class='ocr_carea' id='block_1_1' title="bbox 234 347 810 432">
    <p class='ocr_par' dir='ltr' id='par_1_1' title="bbox 234 347 810 432">
     <span class='ocr_line' id='line_1_1' title="bbox 234 347 810 432; baseline -0.014 -1"><span class='ocrx_word' id='word_1_1' title='bbox 234 361 299 432; x_wconf 76' lang='lat' dir='ltr'>eet</span> <span class='ocrx_word' id='word_1_2' title='bbox 522 347 524 354; x_wconf 57' lang='grc'>’</span> <span class='ocrx_word' id='word_1_3' title='bbox 611 391 616 401; x_wconf 90' lang='grc'>·</span> <span class='ocrx_word' id='word_1_4' title='bbox 712 355 810 424; x_wconf 84' lang='lat' dir='ltr'>NlSl.</span> 
     </span>
    </p>
   </div>
   <div class='ocr_carea' id='block_1_2' title="bbox 226 521 1301 1132">
    <p class='ocr_par' dir='ltr' id='par_1_2' title="bbox 226 521 1301 1132">
     <span class='ocr_line' id='line_1_2' title="bbox 226 521 1289 620; baseline 0 -23"><span class='ocrx_word' id='word_1_5' title='bbox 226 525 402 620; x_wconf 56' lang='lat' dir='ltr'>&#39;terqnamg</span> <span class='ocrx_word' id='word_1_6' title='bbox 427 524 670 600; x_wconf 80' lang='lat' dir='ltr'>Schellerue&#39;in</span> <span class='ocrx_word' id='word_1_7' title='bbox 695 525 836 593; x_wconf 79' lang='lat' dir='ltr'>Obeert.</span> <span class='ocrx_word' id='word_1_8' title='bbox 859 521 895 614; x_wconf 77' lang='lat' dir='ltr'>p&#39;.</span> <span class='ocrx_word' id='word_1_9' title='bbox 928 529 1001 594; x_wconf 76' lang='grc'><strong>107.</strong></span> <span class='ocrx_word' id='word_1_10' title='bbox 1030 527 1083 595; x_wconf 89' lang='lat' dir='ltr'>alii</span> <span class='ocrx_word' id='word_1_11' title='bbox 1109 551 1151 596; x_wconf 89' lang='lat' dir='ltr'>ue</span> <span class='ocrx_word' id='word_1_12' title='bbox 1181 529 1289 598; x_wconf 89' lang='lat' dir='ltr'>inter-</span> 
     </span>
     <span class='ocr_line' id='line_1_3' title="bbox 235 611 1301 707; baseline 0.002 -26"><span class='ocrx_word' id='word_1_13' title='bbox 235 629 344 707; x_wconf 88' lang='lat' dir='ltr'>pretes</span> <span class='ocrx_word' id='word_1_14' title='bbox 376 615 566 680; x_wconf 86' lang='lat' dir='ltr'>Plancianae</span> <span class='ocrx_word' id='word_1_15' title='bbox 597 611 812 694; x_wconf 81' lang='lat' dir='ltr'>exstiterunt,</span> <span class='ocrx_word' id='word_1_16' title='bbox 860 611 917 702; x_wconf 89' lang='lat' dir='ltr'>qui</span> <span class='ocrx_word' id='word_1_17' title='bbox 946 625 1098 681; x_wconf 84' lang='lat' dir='ltr'>monstra</span> <span class='ocrx_word' id='word_1_18' title='bbox 1127 627 1183 680; x_wconf 83' lang='lat' dir='ltr'>ent</span> <span class='ocrx_word' id='word_1_19' title='bbox 1218 613 1301 683; x_wconf 72' lang='lat' dir='ltr'>nist</span> 
     </span>
     <span class='ocr_line' id='line_1_4' title="bbox 235 698 1288 788; baseline -0.002 -19"><span class='ocrx_word' id='word_1_20' title='bbox 235 707 332 770; x_wconf 87' lang='lat' dir='ltr'>etiam</span> <span class='ocrx_word' id='word_1_21' title='bbox 354 711 442 766; x_wconf 88' lang='lat' dir='ltr'>reete</span> <span class='ocrx_word' id='word_1_22' title='bbox 467 701 529 763; x_wconf 92' lang='lat' dir='ltr'>diei</span> <span class='ocrx_word' id='word_1_23' title='bbox 552 719 622 762; x_wconf 93' lang='lat' dir='ltr'>non</span> <span class='ocrx_word' id='word_1_24' title='bbox 646 698 862 786; x_wconf 80' lang='lat' dir='ltr'>praecedente</span> <span class='ocrx_word' id='word_1_25' title='bbox 885 702 1072 788; x_wconf 79' lang='lat' dir='ltr'>negatione.</span> <span class='ocrx_word' id='word_1_26' title='bbox 1128 703 1288 768; x_wconf 90' lang='lat' dir='ltr'>Wunde-</span> 
     </span>
     <span class='ocr_line' id='line_1_5' title="bbox 234 783 1289 874; baseline -0.002 -18"><span class='ocrx_word' id='word_1_27' title='bbox 234 788 561 869; x_wconf 83' lang='lat' dir='ltr'>i·us,neE1·neetiue</span> <span class='ocrx_word' id='word_1_28' title='bbox 587 787 716 870; x_wconf 88' lang='lat' dir='ltr'>ineptus</span> <span class='ocrx_word' id='word_1_29' title='bbox 740 783 918 866; x_wconf 81' lang='lat' dir='ltr'>videretur,</span> <span class='ocrx_word' id='word_1_30' title='bbox 941 807 1018 852; x_wconf 91' lang='lat' dir='ltr'>eum</span> <span class='ocrx_word' id='word_1_31' title='bbox 1046 787 1200 874; x_wconf 73' lang='lat' dir='ltr'>opinatus</span> <span class='ocrx_word' id='word_1_32' title='bbox 1238 801 1289 854; x_wconf 85' lang='lat' dir='ltr'>est</span> 
     </span>
     <span class='ocr_line' id='line_1_6' title="bbox 234 870 1289 964; baseline -0.003 -22"><span class='ocrx_word' id='word_1_33' title='bbox 234 878 347 942; x_wconf 88' lang='lat' dir='ltr'>dicere</span> <span class='ocrx_word' id='word_1_34' title='bbox 370 873 523 946; x_wconf 84' lang='lat' dir='ltr'>voluisse,</span> <span class='ocrx_word' id='word_1_35' title='bbox 545 870 616 934; x_wconf 78' lang='lat' dir='ltr'>uisi</span> <span class='ocrx_word' id='word_1_36' title='bbox 641 880 712 934; x_wconf 89' lang='lat' dir='ltr'>tum</span> <span class='ocrx_word' id='word_1_37' title='bbox 730 881 860 934; x_wconf 88' lang='lat' dir='ltr'>tantum</span> <span class='ocrx_word' id='word_1_38' title='bbox 883 873 975 957; x_wconf 87' lang='lat' dir='ltr'>poni,</span> <span class='ocrx_word' id='word_1_39' title='bbox 992 893 1096 959; x_wconf 88' lang='lat' dir='ltr'>quum</span> <span class='ocrx_word' id='word_1_40' title='bbox 1114 895 1197 960; x_wconf 90' lang='lat' dir='ltr'>quae</span> <span class='ocrx_word' id='word_1_41' title='bbox 1222 898 1289 964; x_wconf 91' lang='lat' dir='ltr'>op·-</span> 
     </span>
     <span class='ocr_line' id='line_1_7' title="bbox 234 956 1289 1052; baseline -0.003 -25"><span class='ocrx_word' id='word_1_42' title='bbox 234 973 382 1052; x_wconf 82' lang='lat' dir='ltr'>ponatur</span> <span class='ocrx_word' id='word_1_43' title='bbox 406 957 588 1022; x_wconf 83' lang='lat' dir='ltr'>enuntiatio</span> <span class='ocrx_word' id='word_1_44' title='bbox 612 956 808 1020; x_wconf 75' lang='lat' dir='ltr'>sententiam</span> <span class='ocrx_word' id='word_1_45' title='bbox 828 959 1013 1043; x_wconf 85' lang='lat' dir='ltr'>negativam</span> <span class='ocrx_word' id='word_1_46' title='bbox 1037 961 1220 1024; x_wconf 82' lang='lat' dir='ltr'>contineat:</span> <span class='ocrx_word' id='word_1_47' title='bbox 1255 971 1289 1026; x_wconf 89' lang='lat' dir='ltr'>et</span> 
     </span>
     <span class='ocr_line' id='line_1_8' title="bbox 233 1040 1288 1132; baseline -0.004 -18"><span class='ocrx_word' id='word_1_48' title='bbox 233 1050 334 1115; x_wconf 82' lang='lat' dir='ltr'>verba</span> <span class='ocrx_word' id='word_1_49' title='bbox 357 1044 542 1110; x_wconf 77' lang='lat' dir='ltr'>Ciceronisz</span> <span class='ocrx_word' id='word_1_50' title='bbox 564 1040 654 1130; x_wconf 85' lang='lat' dir='ltr'>quod</span> <span class='ocrx_word' id='word_1_51' title='bbox 674 1063 785 1128; x_wconf 80' lang='lat' dir='ltr'>genua</span> <span class='ocrx_word' id='word_1_52' title='bbox 799 1041 1007 1107; x_wconf 83' lang='lat' dir='ltr'>iudiciorum</span> <span class='ocrx_word' id='word_1_53' title='bbox 1028 1046 1061 1110; x_wconf 79' lang='lat' dir='ltr'>ci</span> <span class='ocrx_word' id='word_1_54' title='bbox 1076 1057 1127 1110; x_wconf 83' lang='lat' dir='ltr'>eet</span> <span class='ocrx_word' id='word_1_55' title='bbox 1142 1069 1288 1132; x_wconf 82' lang='lat' dir='ltr'>aequum</span> 
     </span>
    </p>
   </div>
   <div class='ocr_carea' id='block_1_3' title="bbox 106 1125 1286 1219">
    <p class='ocr_par' dir='ltr' id='par_1_3' title="bbox 106 1125 1286 1219">
     <span class='ocr_line' id='line_1_9' title="bbox 106 1125 1286 1219; baseline 0 -21"><span class='ocrx_word' id='word_1_56' title='bbox 106 1161 115 1186; x_wconf 87' lang='lat'><strong>·</strong></span> <span class='ocrx_word' id='word_1_57' title='bbox 218 1136 309 1199; x_wconf 82' lang='lat' dir='ltr'>&#39;ullu</span> <span class='ocrx_word' id='word_1_58' title='bbox 333 1134 370 1197; x_wconf 84' lang='lat' dir='ltr'>in</span> <span class='ocrx_word' id='word_1_59' title='bbox 393 1153 441 1201; x_wconf 84' lang='lat' dir='ltr'>re,</span> <span class='ocrx_word' id='word_1_60' title='bbox 473 1128 542 1193; x_wconf 77' lang='lat' dir='ltr'>nisi</span> <span class='ocrx_word' id='word_1_61' title='bbox 571 1129 608 1190; x_wconf 86' lang='lat' dir='ltr'>iu</span> <span class='ocrx_word' id='word_1_62' title='bbox 633 1127 701 1190; x_wconf 78' lang='lat' dir='ltr'>tao</span> <span class='ocrx_word' id='word_1_63' title='bbox 720 1125 912 1207; x_wconf 77' lang='lat' dir='ltr'>tribuaria,</span> <span class='ocrx_word' id='word_1_64' title='bbox 942 1153 1011 1194; x_wconf 83' lang='lat' dir='ltr'>non</span> <span class='ocrx_word' id='word_1_65' title='bbox 1042 1131 1201 1219; x_wconf 81' lang='lat' dir='ltr'>intelligo</span> <span class='ocrx_word' id='word_1_66' title='bbox 1224 1143 1286 1198; x_wconf 76' lang='lat' dir='ltr'>ete</span> 
     </span>
    </p>
   </div>
   <div class='ocr_carea' id='block_1_4' title="bbox 232 1213 1287 1822">
    <p class='ocr_par' dir='ltr' id='par_1_4' title="bbox 232 1213 1287 1822">
     <span class='ocr_line' id='line_1_10' title="bbox 235 1213 1287 1306; baseline -0.004 -20"><span class='ocrx_word' id='word_1_67' title='bbox 235 1225 279 1288; x_wconf 90' lang='lat' dir='ltr'>ita</span> <span class='ocrx_word' id='word_1_68' title='bbox 303 1215 480 1306; x_wconf 78' lang='lat' dir='ltr'>explicuit,</span> <span class='ocrx_word' id='word_1_69' title='bbox 500 1213 592 1300; x_wconf 88' lang='lat' dir='ltr'>quasi</span> <span class='ocrx_word' id='word_1_70' title='bbox 616 1213 732 1276; x_wconf 89' lang='lat' dir='ltr'>Cicero</span> <span class='ocrx_word' id='word_1_71' title='bbox 762 1213 796 1276; x_wconf 89' lang='lat' dir='ltr'>in</span> <span class='ocrx_word' id='word_1_72' title='bbox 823 1225 934 1279; x_wconf 89' lang='lat' dir='ltr'>mente</span> <span class='ocrx_word' id='word_1_73' title='bbox 964 1215 1130 1282; x_wconf 84' lang='lat' dir='ltr'>habuisset</span> <span class='ocrx_word' id='word_1_74' title='bbox 1150 1225 1287 1282; x_wconf 88' lang='lat' dir='ltr'>senteu-</span> 
     </span>
     <span class='ocr_line' id='line_1_11' title="bbox 232 1299 1286 1386; baseline -0.004 -15"><span class='ocrx_word' id='word_1_75' title='bbox 232 1308 313 1372; x_wconf 86' lang='lat' dir='ltr'>tiam</span> <span class='ocrx_word' id='word_1_76' title='bbox 338 1325 408 1369; x_wconf 84' lang='lat' dir='ltr'>nou</span> <span class='ocrx_word' id='word_1_77' title='bbox 432 1311 482 1366; x_wconf 75' lang='lat' dir='ltr'>eet</span> <span class='ocrx_word' id='word_1_78' title='bbox 505 1310 621 1363; x_wconf 85' lang='lat' dir='ltr'>autem</span> <span class='ocrx_word' id='word_1_79' title='bbox 644 1319 788 1386; x_wconf 81' lang='lat' dir='ltr'>ueqrurm</span> <span class='ocrx_word' id='word_1_80' title='bbox 810 1299 885 1363; x_wconf 74' lang='lat' dir='ltr'>ulla</span> <span class='ocrx_word' id='word_1_81' title='bbox 906 1301 944 1364; x_wconf 80' lang='lat' dir='ltr'>iu</span> <span class='ocrx_word' id='word_1_82' title='bbox 967 1323 1016 1366; x_wconf 88' lang='lat' dir='ltr'>re.</span> <span class='ocrx_word' id='word_1_83' title='bbox 1058 1302 1101 1367; x_wconf 81' lang='lat' dir='ltr'>At</span> <span class='ocrx_word' id='word_1_84' title='bbox 1119 1301 1286 1368; x_wconf 78' lang='lat' dir='ltr'>tulissen-</span> 
     </span>
     <span class='ocr_line' id='line_1_12' title="bbox 232 1384 1286 1473; baseline -0.004 -15"><span class='ocrx_word' id='word_1_85' title='bbox 232 1393 335 1458; x_wconf 86' lang='lat' dir='ltr'>tentiu</span> <span class='ocrx_word' id='word_1_86' title='bbox 356 1410 426 1452; x_wconf 91' lang='lat' dir='ltr'>non</span> <span class='ocrx_word' id='word_1_87' title='bbox 459 1384 603 1473; x_wconf 86' lang='lat' dir='ltr'>pertinet</span> <span class='ocrx_word' id='word_1_88' title='bbox 632 1385 673 1448; x_wconf 93' lang='lat' dir='ltr'>ad</span> <span class='ocrx_word' id='word_1_89' title='bbox 705 1384 902 1449; x_wconf 86' lang='lat' dir='ltr'>vocabulum</span> <span class='ocrx_word' id='word_1_90' title='bbox 932 1388 1011 1460; x_wconf 79' lang='lat' dir='ltr'>uici,</span> <span class='ocrx_word' id='word_1_91' title='bbox 1044 1387 1101 1450; x_wconf 86' lang='lat' dir='ltr'>sed</span> <span class='ocrx_word' id='word_1_92' title='bbox 1126 1409 1161 1452; x_wconf 90' lang='lat' dir='ltr'>ea</span> <span class='ocrx_word' id='word_1_93' title='bbox 1185 1393 1286 1454; x_wconf 89' lang='lat' dir='ltr'>etiarn</span> 
     </span>
     <span class='ocr_line' id='line_1_13' title="bbox 233 1468 1286 1561; baseline -0.003 -18"><span class='ocrx_word' id='word_1_94' title='bbox 233 1491 320 1543; x_wconf 82' lang='lat' dir='ltr'>stare</span> <span class='ocrx_word' id='word_1_95' title='bbox 342 1473 465 1561; x_wconf 85' lang='lat' dir='ltr'>poterit</span> <span class='ocrx_word' id='word_1_96' title='bbox 488 1470 618 1534; x_wconf 82' lang='lat' dir='ltr'>omissis</span> <span class='ocrx_word' id='word_1_97' title='bbox 640 1468 746 1534; x_wconf 83' lang='lat' dir='ltr'>verbis</span> <span class='ocrx_word' id='word_1_98' title='bbox 767 1471 839 1535; x_wconf 75' lang='lat' dir='ltr'>nisi</span> <span class='ocrx_word' id='word_1_99' title='bbox 860 1471 897 1534; x_wconf 82' lang='lat' dir='ltr'>iu</span> <span class='ocrx_word' id='word_1_100' title='bbox 920 1471 988 1536; x_wconf 77' lang='lat' dir='ltr'>huc</span> <span class='ocrx_word' id='word_1_101' title='bbox 1008 1472 1193 1538; x_wconf 77' lang='lat' dir='ltr'>tribuaria.</span> <span class='ocrx_word' id='word_1_102' title='bbox 1222 1476 1286 1541; x_wconf 84' lang='lat' dir='ltr'>Ree</span> 
     </span>
     <span class='ocr_line' id='line_1_14' title="bbox 232 1556 1287 1644; baseline -0.006 -13"><span class='ocrx_word' id='word_1_103' title='bbox 232 1587 311 1631; x_wconf 81' lang='lat' dir='ltr'>vero</span> <span class='ocrx_word' id='word_1_104' title='bbox 331 1561 424 1624; x_wconf 86' lang='lat' dir='ltr'>aliter</span> <span class='ocrx_word' id='word_1_105' title='bbox 444 1578 479 1622; x_wconf 82' lang='lat' dir='ltr'>ee</span> <span class='ocrx_word' id='word_1_106' title='bbox 501 1556 608 1621; x_wconf 87' lang='lat' dir='ltr'>habet.</span> <span class='ocrx_word' id='word_1_107' title='bbox 652 1556 818 1643; x_wconf 87' lang='lat' dir='ltr'>Distingui</span> <span class='ocrx_word' id='word_1_108' title='bbox 842 1557 931 1622; x_wconf 87' lang='lat' dir='ltr'>enim</span> <span class='ocrx_word' id='word_1_109' title='bbox 955 1558 1076 1622; x_wconf 87' lang='lat' dir='ltr'>debent</span> <span class='ocrx_word' id='word_1_110' title='bbox 1093 1581 1212 1644; x_wconf 83' lang='lat' dir='ltr'>genera</span> <span class='ocrx_word' id='word_1_111' title='bbox 1227 1561 1287 1625; x_wconf 92' lang='lat' dir='ltr'>lo·</span> 
     </span>
     <span class='ocr_line' id='line_1_15' title="bbox 234 1641 1285 1734; baseline -0.001 -21"><span class='ocrx_word' id='word_1_112' title='bbox 234 1647 421 1734; x_wconf 73' lang='lat' dir='ltr'>putationis,</span> <span class='ocrx_word' id='word_1_113' title='bbox 459 1663 602 1728; x_wconf 87' lang='lat' dir='ltr'>quorum</span> <span class='ocrx_word' id='word_1_114' title='bbox 626 1641 660 1706; x_wconf 93' lang='lat' dir='ltr'>in</span> <span class='ocrx_word' id='word_1_115' title='bbox 687 1641 791 1704; x_wconf 82' lang='lat' dir='ltr'>altero</span> <span class='ocrx_word' id='word_1_116' title='bbox 815 1641 1055 1731; x_wconf 84' lang='lat' dir='ltr'>qualecumque</span> <span class='ocrx_word' id='word_1_117' title='bbox 1071 1643 1285 1730; x_wconf 81' lang='lat' dir='ltr'>verbumne·</span> 
     </span>
     <span class='ocr_line' id='line_1_16' title="bbox 233 1728 1117 1822; baseline -0.008 -25"><span class='ocrx_word' id='word_1_118' title='bbox 233 1737 378 1822; x_wconf 76' lang='lat' dir='ltr'>geticum</span> <span class='ocrx_word' id='word_1_119' title='bbox 403 1728 587 1818; x_wconf 86' lang='lat' dir='ltr'>praecedit,</span> <span class='ocrx_word' id='word_1_120' title='bbox 611 1737 667 1792; x_wconf 86' lang='lat' dir='ltr'>aut</span> <span class='ocrx_word' id='word_1_121' title='bbox 689 1729 839 1813; x_wconf 88' lang='lat' dir='ltr'>negativa</span> <span class='ocrx_word' id='word_1_122' title='bbox 861 1728 968 1794; x_wconf 89' lang='lat' dir='ltr'>notio.</span> <span class='ocrx_word' id='word_1_123' title='bbox 1112 1733 1117 1746; x_wconf 81' lang='grc'><strong>“</strong></span> 
     </span>
    </p>
   </div>
   <div class='ocr_carea' id='block_1_5' title="bbox 294 1867 1325 2354">
    <p class='ocr_par' dir='ltr' id='par_1_5' title="bbox 294 1867 1325 2354">
     <span class='ocr_line' id='line_1_17' title="bbox 336 1867 1285 1942; baseline 0 -13"><span class='ocrx_word' id='word_1_124' title='bbox 336 1867 846 1942; x_wconf 75' lang='lat' dir='ltr'>cie.dedm.5‚18.ueguatenim,</span> <span class='ocrx_word' id='word_1_125' title='bbox 875 1889 1029 1942; x_wconf 79' lang='lat' dir='ltr'>quemquem</span> <span class='ocrx_word' id='word_1_126' title='bbox 1057 1888 1110 1928; x_wconf 80' lang='lat' dir='ltr'>eree</span> <span class='ocrx_word' id='word_1_127' title='bbox 1134 1872 1221 1928; x_wconf 79' lang='lat' dir='ltr'>uirum</span> <span class='ocrx_word' id='word_1_128' title='bbox 1240 1875 1285 1929; x_wconf 82' lang='lat' dir='ltr'>bo-</span> 
     </span>
     <span class='ocr_line' id='line_1_18' title="bbox 299 1954 1284 2028; baseline -0.001 -15"><span class='ocrx_word' id='word_1_129' title='bbox 299 1978 364 2013; x_wconf 81' lang='lat' dir='ltr'>uum</span> <span class='ocrx_word' id='word_1_130' title='bbox 382 1958 433 2010; x_wconf 79' lang='lat' dir='ltr'>uisi</span> <span class='ocrx_word' id='word_1_131' title='bbox 453 1958 601 2026; x_wconf 82' lang='lat' dir='ltr'>rapientem.</span> <span class='ocrx_word' id='word_1_132' title='bbox 622 1954 689 2012; x_wconf 80' lang='lat' dir='ltr'>i.&#39;e.</span> <span class='ocrx_word' id='word_1_133' title='bbox 705 1955 799 2008; x_wconf 87' lang='lat' dir='ltr'>dicunt</span> <span class='ocrx_word' id='word_1_134' title='bbox 818 1957 952 2008; x_wconf 82' lang='lat' dir='ltr'>neminem</span> <span class='ocrx_word' id='word_1_135' title='bbox 971 1974 1040 2010; x_wconf 81' lang='lat' dir='ltr'>esee.</span> <span class='ocrx_word' id='word_1_136' title='bbox 1075 1958 1187 2012; x_wconf 85' lang='lat' dir='ltr'>Sueten.</span> <span class='ocrx_word' id='word_1_137' title='bbox 1209 1959 1284 2028; x_wconf 77' lang='lat' dir='ltr'>Aug.</span> 
     </span>
     <span class='ocr_line' id='line_1_19' title="bbox 294 2041 1285 2112; baseline -0.002 -14"><span class='ocrx_word' id='word_1_138' title='bbox 294 2044 325 2099; x_wconf 79' lang='lat' dir='ltr'>(i.</span> <span class='ocrx_word' id='word_1_139' title='bbox 343 2046 393 2096; x_wconf 77' lang='lat' dir='ltr'>leuc</span> <span class='ocrx_word' id='word_1_140' title='bbox 409 2042 516 2094; x_wconf 80' lang='lat' dir='ltr'>introire</span> <span class='ocrx_word' id='word_1_141' title='bbox 532 2041 585 2091; x_wconf 82' lang='lat' dir='ltr'>aiei</span> <span class='ocrx_word' id='word_1_142' title='bbox 602 2042 744 2100; x_wconf 80' lang='lat' dir='ltr'>necessario</span> <span class='ocrx_word' id='word_1_143' title='bbox 763 2049 786 2092; x_wconf 88' lang='lat' dir='ltr'>et</span> <span class='ocrx_word' id='word_1_144' title='bbox 805 2049 872 2094; x_wconf 79' lang='lat' dir='ltr'>caete</span> <span class='ocrx_word' id='word_1_145' title='bbox 888 2043 983 2112; x_wconf 78' lang='lat' dir='ltr'>religio</span> <span class='ocrx_word' id='word_1_146' title='bbox 1002 2051 1048 2099; x_wconf 82' lang='lat' dir='ltr'>eet.</span> <span class='ocrx_word' id='word_1_147' title='bbox 1067 2043 1085 2096; x_wconf 91' lang='lat' dir='ltr'>i.</span> <span class='ocrx_word' id='word_1_148' title='bbox 1100 2061 1123 2097; x_wconf 91' lang='lat' dir='ltr'>e.</span> <span class='ocrx_word' id='word_1_149' title='bbox 1139 2046 1217 2100; x_wconf 75' lang='lat' dir='ltr'>notae</span> <span class='ocrx_word' id='word_1_150' title='bbox 1233 2051 1285 2112; x_wconf 81' lang='lat' dir='ltr'>eet,</span> 
     </span>
     <span class='ocr_line' id='line_1_20' title="bbox 297 2121 1325 2200; baseline 0.011 -26"><span class='ocrx_word' id='word_1_151' title='bbox 297 2149 351 2185; x_wconf 65' lang='lat' dir='ltr'>„un</span> <span class='ocrx_word' id='word_1_152' title='bbox 366 2125 441 2181; x_wconf 77' lang='lat' dir='ltr'>licet.</span> <span class='ocrx_word' id='word_1_153' title='bbox 479 2127 558 2192; x_wconf 83' lang='lat' dir='ltr'>Quae</span> <span class='ocrx_word' id='word_1_154' title='bbox 575 2121 673 2176; x_wconf 78' lang='lat' dir='ltr'>eudem</span> <span class='ocrx_word' id='word_1_155' title='bbox 690 2131 732 2177; x_wconf 83' lang='lat' dir='ltr'>eet</span> <span class='ocrx_word' id='word_1_156' title='bbox 754 2125 835 2190; x_wconf 88' lang='lat' dir='ltr'>ratio,</span> <span class='ocrx_word' id='word_1_157' title='bbox 856 2143 910 2194; x_wconf 80' lang='lat' dir='ltr'>qua</span> <span class='ocrx_word' id='word_1_158' title='bbox 932 2129 961 2180; x_wconf 86' lang='lat' dir='ltr'>ir.</span> <span class='ocrx_word' id='word_1_159' title='bbox 984 2129 1201 2200; x_wconf 84' lang='lat' dir='ltr'>interrogatione</span> <span class='ocrx_word' id='word_1_160' title='bbox 1221 2137 1284 2198; x_wconf 82' lang='lat' dir='ltr'>poet</span> <span class='ocrx_word' id='word_1_161' title='bbox 1318 2123 1325 2134; x_wconf 58' lang='lat'><em>¹</em></span> 
     </span>
     <span class='ocr_line' id='line_1_21' title="bbox 299 2209 1284 2286; baseline 0 -18"><span class='ocrx_word' id='word_1_162' title='bbox 299 2217 419 2286; x_wconf 76' lang='lat' dir='ltr'>quidest</span> <span class='ocrx_word' id='word_1_163' title='bbox 439 2209 648 2282; x_wconf 79' lang='lat' dir='ltr'>sequiturru&#39;ei:</span> <span class='ocrx_word' id='word_1_164' title='bbox 672 2227 735 2264; x_wconf 90' lang='lat' dir='ltr'>uum</span> <span class='ocrx_word' id='word_1_165' title='bbox 768 2210 935 2282; x_wconf 84' lang='lat' dir='ltr'>intelligitur</span> <span class='ocrx_word' id='word_1_166' title='bbox 962 2231 1015 2266; x_wconf 84' lang='lat' dir='ltr'>uon</span> <span class='ocrx_word' id='word_1_167' title='bbox 1037 2221 1093 2280; x_wconf 82' lang='lat' dir='ltr'>eet,</span> <span class='ocrx_word' id='word_1_168' title='bbox 1127 2215 1187 2268; x_wconf 80' lang='lat' dir='ltr'>eive</span> <span class='ocrx_word' id='word_1_169' title='bbox 1215 2217 1284 2268; x_wconf 73' lang='lat' dir='ltr'>nitu</span> 
     </span>
     <span class='ocr_line' id='line_1_22' title="bbox 299 2301 440 2354; baseline -0.043 0"><span class='ocrx_word' id='word_1_170' title='bbox 299 2301 373 2354; x_wconf 86' lang='lat' dir='ltr'>uliud</span> <span class='ocrx_word' id='word_1_171' title='bbox 392 2303 440 2350; x_wconf 83' lang='lat' dir='ltr'>eet.</span> 
     </span>
    </p>
   </div>
   <div class='ocr_carea' id='block_1_6' title="bbox 229 2419 1283 2688">
    <p class='ocr_par' dir='ltr' id='par_1_6' title="bbox 229 2419 1283 2688">
     <span class='ocr_line' id='line_1_23' title="bbox 230 2419 1282 2510; baseline -0.003 -15"><span class='ocrx_word' id='word_1_172' title='bbox 230 2429 377 2495; x_wconf 79' lang='lat' dir='ltr'>Alterum</span> <span class='ocrx_word' id='word_1_173' title='bbox 392 2444 505 2508; x_wconf 46' lang='lat' dir='ltr'>*genus</span> <span class='ocrx_word' id='word_1_174' title='bbox 531 2421 674 2486; x_wconf 88' lang='lat' dir='ltr'>additam</span> <span class='ocrx_word' id='word_1_175' title='bbox 701 2419 800 2486; x_wconf 89' lang='lat' dir='ltr'>habet</span> <span class='ocrx_word' id='word_1_176' title='bbox 824 2422 1077 2510; x_wconf 85' lang='lat' dir='ltr'>exceptionem,</span> <span class='ocrx_word' id='word_1_177' title='bbox 1111 2444 1195 2510; x_wconf 88' lang='lat' dir='ltr'>quae</span> <span class='ocrx_word' id='word_1_178' title='bbox 1218 2425 1282 2492; x_wconf 89' lang='lat' dir='ltr'>uli·</span> 
     </span>
     <span class='ocr_line' id='line_1_24' title="bbox 229 2507 1280 2604; baseline -0.004 -26"><span class='ocrx_word' id='word_1_179' title='bbox 229 2535 328 2604; x_wconf 86' lang='lat' dir='ltr'>quam</span> <span class='ocrx_word' id='word_1_180' title='bbox 356 2521 481 2599; x_wconf 87' lang='lat' dir='ltr'>partem</span> <span class='ocrx_word' id='word_1_181' title='bbox 510 2507 558 2572; x_wconf 87' lang='lat' dir='ltr'>vel</span> <span class='ocrx_word' id='word_1_182' title='bbox 586 2509 745 2572; x_wconf 87' lang='lat' dir='ltr'>rationem</span> <span class='ocrx_word' id='word_1_183' title='bbox 772 2509 937 2587; x_wconf 79' lang='lat' dir='ltr'>excludit,</span> <span class='ocrx_word' id='word_1_184' title='bbox 977 2511 1077 2576; x_wconf 87' lang='lat' dir='ltr'>etiam</span> <span class='ocrx_word' id='word_1_185' title='bbox 1105 2511 1195 2576; x_wconf 87' lang='lat' dir='ltr'>nulla</span> <span class='ocrx_word' id='word_1_186' title='bbox 1218 2534 1280 2576; x_wconf 84' lang='lat' dir='ltr'>ne-</span> 
     </span>
     <span class='ocr_line' id='line_1_25' title="bbox 229 2593 1283 2688; baseline -0.013 -23"><span class='ocrx_word' id='word_1_187' title='bbox 229 2603 360 2688; x_wconf 84' lang='lat' dir='ltr'>gatione</span> <span class='ocrx_word' id='word_1_188' title='bbox 378 2595 566 2682; x_wconf 85' lang='lat' dir='ltr'>praemissa.</span> <span class='ocrx_word' id='word_1_189' title='bbox 610 2593 768 2656; x_wconf 86' lang='lat' dir='ltr'>Germani</span> <span class='ocrx_word' id='word_1_190' title='bbox 792 2593 906 2658; x_wconf 84' lang='lat' dir='ltr'>dicunt</span> <span class='ocrx_word' id='word_1_191' title='bbox 931 2595 980 2659; x_wconf 86' lang='lat' dir='ltr'>vel</span> <span class='ocrx_word' id='word_1_192' title='bbox 1005 2594 1197 2682; x_wconf 69' lang='lat' dir='ltr'>algecelien</span> <span class='ocrx_word' id='word_1_193' title='bbox 1218 2621 1283 2662; x_wconf 69' lang='lat' dir='ltr'>von,</span> 
     </span>
    </p>
   </div>
   <div class='ocr_carea' id='block_1_7' title="bbox 223 2675 1282 2942">
    <p class='ocr_par' dir='ltr' id='par_1_7' title="bbox 223 2675 1282 2942">
     <span class='ocr_line' id='line_1_26' title="bbox 228 2675 1282 2770; baseline -0.004 -18"><span class='ocrx_word' id='word_1_194' title='bbox 228 2687 280 2753; x_wconf 87' lang='lat' dir='ltr'>vel</span> <span class='ocrx_word' id='word_1_195' title='bbox 314 2701 592 2770; x_wconf 75' lang='lat' dir='ltr'>uiicgeuommen.</span> <span class='ocrx_word' id='word_1_196' title='bbox 649 2675 730 2742; x_wconf 61' lang='lat' dir='ltr'>Nisi</span> <span class='ocrx_word' id='word_1_197' title='bbox 760 2679 860 2766; x_wconf 81' lang='lat' dir='ltr'>igitur</span> <span class='ocrx_word' id='word_1_198' title='bbox 889 2679 961 2744; x_wconf 85' lang='lat' dir='ltr'>sere</span> <span class='ocrx_word' id='word_1_199' title='bbox 991 2681 1080 2746; x_wconf 89' lang='lat' dir='ltr'>idern</span> <span class='ocrx_word' id='word_1_200' title='bbox 1110 2692 1159 2746; x_wconf 81' lang='lat' dir='ltr'>eet</span> <span class='ocrx_word' id='word_1_201' title='bbox 1189 2681 1282 2767; x_wconf 90' lang='lat' dir='ltr'>quod</span> 
     </span>
     <span class='ocr_line' id='line_1_27' title="bbox 223 2764 1281 2860; baseline -0.004 -25"><span class='ocrx_word' id='word_1_202' title='bbox 223 2782 377 2860; x_wconf 83' lang='lat' dir='ltr'>praeter.</span> <span class='ocrx_word' id='word_1_203' title='bbox 408 2764 489 2828; x_wconf 83' lang='lat' dir='ltr'>Vide</span> <span class='ocrx_word' id='word_1_204' title='bbox 509 2786 609 2842; x_wconf 86' lang='lat' dir='ltr'>supra</span> <span class='ocrx_word' id='word_1_205' title='bbox 634 2785 669 2848; x_wconf 90' lang='lat' dir='ltr'>p.</span> <span class='ocrx_word' id='word_1_206' title='bbox 690 2769 766 2827; x_wconf 78' lang='lat'>227.</span> <span class='ocrx_word' id='word_1_207' title='bbox 808 2768 913 2852; x_wconf 89' lang='lat' dir='ltr'>Atque</span> <span class='ocrx_word' id='word_1_208' title='bbox 935 2767 980 2842; x_wconf 85' lang='lat' dir='ltr'>ita</span> <span class='ocrx_word' id='word_1_209' title='bbox 1004 2765 1215 2840; x_wconf 80' lang='lat' dir='ltr'>etiumullue</span> <span class='ocrx_word' id='word_1_210' title='bbox 1239 2805 1281 2820; x_wconf 90' lang='lat'><em>-</em></span> 
     </span>
     <span class='ocr_line' id='line_1_28' title="bbox 227 2843 955 2942; baseline -0.012 -19"><span class='ocrx_word' id='word_1_211' title='bbox 227 2858 310 2932; x_wconf 79' lang='lat' dir='ltr'>nisi,</span> <span class='ocrx_word' id='word_1_212' title='bbox 337 2852 517 2942; x_wconf 84' lang='lat' dir='ltr'>quisquam</span> <span class='ocrx_word' id='word_1_213' title='bbox 530 2885 574 2898; x_wconf 86' lang='lat'>-</span> <span class='ocrx_word' id='word_1_214' title='bbox 586 2847 657 2914; x_wconf 75' lang='lat' dir='ltr'>nisi</span> <span class='ocrx_word' id='word_1_215' title='bbox 680 2848 848 2914; x_wconf 86' lang='lat' dir='ltr'>dicuntur.</span> <span class='ocrx_word' id='word_1_216' title='bbox 944 2843 955 2866; x_wconf 81' lang='grc'><em>“</em></span> 
     </span>
    </p>
   </div>
   <div class='ocr_carea' id='block_1_8' title="bbox 290 2991 1281 3576">
    <p class='ocr_par' dir='ltr' id='par_1_8' title="bbox 290 2991 1281 3576">
     <span class='ocr_line' id='line_1_29' title="bbox 330 2991 1281 3069; baseline 0.001 -18"><span class='ocrx_word' id='word_1_217' title='bbox 330 2995 444 3050; x_wconf 74' lang='lat' dir='ltr'>Cic-de</span> <span class='ocrx_word' id='word_1_218' title='bbox 464 2993 541 3046; x_wconf 81' lang='lat' dir='ltr'>urat.</span> <span class='ocrx_word' id='word_1_219' title='bbox 558 2991 585 3058; x_wconf 82' lang='lat'>2,</span> <span class='ocrx_word' id='word_1_220' title='bbox 604 2991 630 3057; x_wconf 92' lang='grc'>9,</span> <span class='ocrx_word' id='word_1_221' title='bbox 648 2991 692 3044; x_wconf 80' lang='grc'>36.</span> <span class='ocrx_word' id='word_1_222' title='bbox 711 2993 733 3046; x_wconf 83' lang='lat' dir='ltr'>ei</span> <span class='ocrx_word' id='word_1_223' title='bbox 750 2993 885 3064; x_wconf 79' lang='lat' dir='ltr'>quisquam</span> <span class='ocrx_word' id='word_1_224' title='bbox 903 2995 1007 3060; x_wconf 85' lang='lat' dir='ltr'>dicitnr,</span> <span class='ocrx_word' id='word_1_225' title='bbox 1026 2996 1196 3064; x_wconf 69' lang='lat' dir='ltr'>uideretur,</span> <span class='ocrx_word' id='word_1_226' title='bbox 1216 3005 1281 3069; x_wconf 83' lang='lat' dir='ltr'>for-</span> 
     </span>
     <span class='ocr_line' id='line_1_30' title="bbox 294 3078 1281 3147; baseline 0 -9"><span class='ocrx_word' id='word_1_227' title='bbox 294 3102 368 3138; x_wconf 84' lang='lat' dir='ltr'>mare</span> <span class='ocrx_word' id='word_1_228' title='bbox 385 3083 529 3134; x_wconf 83' lang='lat' dir='ltr'>orationem</span> <span class='ocrx_word' id='word_1_229' title='bbox 545 3096 594 3128; x_wconf 87' lang='lat'>-:</span> <span class='ocrx_word' id='word_1_230' title='bbox 621 3085 669 3130; x_wconf 84' lang='lat' dir='ltr'>eut</span> <span class='ocrx_word' id='word_1_231' title='bbox 693 3078 717 3130; x_wconf 81' lang='lat' dir='ltr'>si</span> <span class='ocrx_word' id='word_1_232' title='bbox 736 3097 787 3147; x_wconf 82' lang='lat' dir='ltr'>qau</span> <span class='ocrx_word' id='word_1_233' title='bbox 805 3079 849 3131; x_wconf 86' lang='lat' dir='ltr'>viu</span> <span class='ocrx_word' id='word_1_234' title='bbox 867 3083 933 3146; x_wconf 88' lang='lat' dir='ltr'>ullu,</span> <span class='ocrx_word' id='word_1_235' title='bbox 958 3083 1011 3134; x_wconf 81' lang='lat' dir='ltr'>uisi</span> <span class='ocrx_word' id='word_1_236' title='bbox 1027 3083 1060 3134; x_wconf 81' lang='lat' dir='ltr'>alt</span> <span class='ocrx_word' id='word_1_237' title='bbox 1077 3083 1129 3135; x_wconf 70' lang='lat' dir='ltr'>leuc</span> <span class='ocrx_word' id='word_1_238' title='bbox 1146 3101 1203 3134; x_wconf 78' lang='lat' dir='ltr'>uua</span> <span class='ocrx_word' id='word_1_239' title='bbox 1223 3093 1281 3138; x_wconf 85' lang='lat' dir='ltr'>arte</span> 
     </span>
     <span class='ocr_line' id='line_1_31' title="bbox 293 3167 1280 3235; baseline 0 -13"><span class='ocrx_word' id='word_1_240' title='bbox 293 3169 410 3224; x_wconf 82' lang='lat' dir='ltr'>truditur</span> <span class='ocrx_word' id='word_1_241' title='bbox 437 3172 483 3216; x_wconf 88' lang='lat' dir='ltr'>aut</span> <span class='ocrx_word' id='word_1_242' title='bbox 504 3171 720 3232; x_wconf 81' lang='lat' dir='ltr'>argumentorum</span> <span class='ocrx_word' id='word_1_243' title='bbox 741 3172 789 3216; x_wconf 85' lang='lat' dir='ltr'>aut</span> <span class='ocrx_word' id='word_1_244' title='bbox 810 3167 1001 3220; x_wconf 81' lang='lat' dir='ltr'>sententiarum</span> <span class='ocrx_word' id='word_1_245' title='bbox 1017 3193 1049 3206; x_wconf 86' lang='lat'>-·</span> <span class='ocrx_word' id='word_1_246' title='bbox 1069 3171 1210 3235; x_wconf 79' lang='lat' dir='ltr'>fateamur</span> <span class='ocrx_word' id='word_1_247' title='bbox 1228 3175 1280 3222; x_wconf 87' lang='lat' dir='ltr'>etc.</span> 
     </span>
     <span class='ocr_line' id='line_1_32' title="bbox 292 3246 1279 3322; baseline 0.002 -18"><span class='ocrx_word' id='word_1_248' title='bbox 292 3271 318 3322; x_wconf 85' lang='lat' dir='ltr'>p.</span> <span class='ocrx_word' id='word_1_249' title='bbox 339 3253 420 3304; x_wconf 81' lang='lat' dir='ltr'>Roec.</span> <span class='ocrx_word' id='word_1_250' title='bbox 438 3250 499 3302; x_wconf 80' lang='lat' dir='ltr'>Am.</span> <span class='ocrx_word' id='word_1_251' title='bbox 518 3248 561 3315; x_wconf 75' lang='lat'>12,</span> <span class='ocrx_word' id='word_1_252' title='bbox 580 3246 622 3299; x_wconf 80' lang='lat'>33.</span> <span class='ocrx_word' id='word_1_253' title='bbox 644 3248 712 3316; x_wconf 79' lang='lat' dir='ltr'>quod</span> <span class='ocrx_word' id='word_1_254' title='bbox 731 3249 800 3300; x_wconf 87' lang='lat' dir='ltr'>iuter</span> <span class='ocrx_word' id='word_1_255' title='bbox 818 3267 904 3301; x_wconf 80' lang='lat' dir='ltr'>omues</span> <span class='ocrx_word' id='word_1_256' title='bbox 927 3260 1034 3318; x_wconf 83' lang='lat' dir='ltr'>constat,</span> <span class='ocrx_word' id='word_1_257' title='bbox 1060 3253 1112 3302; x_wconf 83' lang='lat' dir='ltr'>nisi</span> <span class='ocrx_word' id='word_1_258' title='bbox 1138 3253 1208 3304; x_wconf 86' lang='lat' dir='ltr'>inter</span> <span class='ocrx_word' id='word_1_259' title='bbox 1226 3271 1279 3319; x_wconf 83' lang='lat' dir='ltr'>coe,</span> 
     </span>
     <span class='ocr_line' id='line_1_33' title="bbox 290 3325 1280 3408; baseline 0 -20"><span class='ocrx_word' id='word_1_260' title='bbox 290 3339 337 3408; x_wconf 82' lang='lat' dir='ltr'>qni</span> <span class='ocrx_word' id='word_1_261' title='bbox 357 3336 500 3388; x_wconf 76' lang='lat' dir='ltr'>inueniunt.</span> <span class='ocrx_word' id='word_1_262' title='bbox 537 3333 597 3386; x_wconf 81' lang='lat' dir='ltr'>ttv.</span> <span class='ocrx_word' id='word_1_263' title='bbox 615 3325 745 3401; x_wconf 58' lang='grc' dir='ltr'>2,’59,.Ί.</span> <span class='ocrx_word' id='word_1_264' title='bbox 771 3351 844 3386; x_wconf 83' lang='lat' dir='ltr'>nemo</span> <span class='ocrx_word' id='word_1_265' title='bbox 875 3335 963 3400; x_wconf 78' lang='lat' dir='ltr'>ulline,</span> <span class='ocrx_word' id='word_1_266' title='bbox 989 3337 1039 3388; x_wconf 79' lang='lat' dir='ltr'>nisi</span> <span class='ocrx_word' id='word_1_267' title='bbox 1057 3337 1155 3406; x_wconf 80' lang='lat' dir='ltr'>fugae,</span> <span class='ocrx_word' id='word_1_268' title='bbox 1173 3354 1280 3390; x_wconf 81' lang='lat' dir='ltr'>memor.</span> 
     </span>
     <span class='ocr_line' id='line_1_34' title="bbox 293 3414 1280 3492; baseline -0.002 -16"><span class='ocrx_word' id='word_1_269' title='bbox 293 3423 406 3476; x_wconf 84' lang='lat' dir='ltr'>Terent.</span> <span class='ocrx_word' id='word_1_270' title='bbox 430 3423 531 3474; x_wconf 89' lang='lat' dir='ltr'>chut.</span> <span class='ocrx_word' id='word_1_271' title='bbox 547 3419 613 3483; x_wconf 83' lang='lat'>1,1,</span> <span class='ocrx_word' id='word_1_272' title='bbox 634 3414 677 3470; x_wconf 87' lang='grc'>99.</span> <span class='ocrx_word' id='word_1_273' title='bbox 694 3417 739 3468; x_wconf 75' lang='lat' dir='ltr'>ud.</span> <span class='ocrx_word' id='word_1_274' title='bbox 756 3435 783 3484; x_wconf 86' lang='lat' dir='ltr'>p.</span> <span class='ocrx_word' id='word_1_275' title='bbox 800 3415 860 3468; x_wconf 77' lang='grc'><strong>227.</strong></span> <span class='ocrx_word' id='word_1_276' title='bbox 893 3418 1005 3472; x_wconf 85' lang='lat' dir='ltr'>Sueten.</span> <span class='ocrx_word' id='word_1_277' title='bbox 1025 3419 1089 3472; x_wconf 84' lang='lat' dir='ltr'>Ner.</span> <span class='ocrx_word' id='word_1_278' title='bbox 1107 3421 1151 3474; x_wconf 73' lang='lat'>33.</span> <span class='ocrx_word' id='word_1_279' title='bbox 1173 3422 1280 3492; x_wconf 77' lang='lat' dir='ltr'>denique</span> 
     </span>
     <span class='ocr_line' id='line_1_35' title="bbox 295 3502 1200 3576; baseline -0.004 -14"><span class='ocrx_word' id='word_1_280' title='bbox 295 3511 396 3562; x_wconf 79' lang='lat' dir='ltr'>beatum</span> <span class='ocrx_word' id='word_1_281' title='bbox 413 3505 467 3558; x_wconf 77' lang='lat' dir='ltr'>eius</span> <span class='ocrx_word' id='word_1_282' title='bbox 485 3505 622 3574; x_wconf 78' lang='lat' dir='ltr'>curreepr&#39;ri,</span> <span class='ocrx_word' id='word_1_283' title='bbox 639 3504 692 3555; x_wconf 77' lang='lat' dir='ltr'>uisi</span> <span class='ocrx_word' id='word_1_284' title='bbox 707 3502 801 3556; x_wconf 79' lang='lat' dir='ltr'>humili</span> <span class='ocrx_word' id='word_1_285' title='bbox 818 3503 917 3573; x_wconf 78' lang='lat' dir='ltr'>leuique</span> <span class='ocrx_word' id='word_1_286' title='bbox 934 3505 1056 3572; x_wconf 82' lang='lat' dir='ltr'>materia,</span> <span class='ocrx_word' id='word_1_287' title='bbox 1074 3507 1200 3576; x_wconf 78' lang='lat' dir='ltr'>neglexit.</span> 
     </span>
    </p>
   </div>
   <div class='ocr_carea' id='block_1_9' title="bbox 193 3645 1280 3974">
    <p class='ocr_par' dir='ltr' id='par_1_9' title="bbox 193 3645 1280 3974">
     <span class='ocr_line' id='line_1_36' title="bbox 310 3645 1279 3734; baseline -0.002 -20"><span class='ocrx_word' id='word_1_288' title='bbox 310 3651 362 3715; x_wconf 79' lang='lat' dir='ltr'>et.</span> <span class='ocrx_word' id='word_1_289' title='bbox 400 3645 528 3712; x_wconf 88' lang='lat' dir='ltr'>Comici</span> <span class='ocrx_word' id='word_1_290' title='bbox 554 3655 724 3732; x_wconf 74' lang='lat' dir='ltr'>usurpant,</span> <span class='ocrx_word' id='word_1_291' title='bbox 749 3645 911 3712; x_wconf 70' lang='lat' dir='ltr'>formulae</span> <span class='ocrx_word' id='word_1_292' title='bbox 945 3646 1104 3734; x_wconf 89' lang='lat' dir='ltr'>quasdam</span> <span class='ocrx_word' id='word_1_293' title='bbox 1135 3646 1279 3734; x_wconf 86' lang='lat' dir='ltr'>vulgaris</span> 
     </span>
     <span class='ocr_line' id='line_1_37' title="bbox 224 3731 1279 3818; baseline -0.006 -16"><span class='ocrx_word' id='word_1_294' title='bbox 224 3734 407 3807; x_wconf 74' lang='lat' dir='ltr'>sermonis,</span> <span class='ocrx_word' id='word_1_295' title='bbox 430 3755 448 3795; x_wconf 87' lang='lat' dir='ltr'>e</span> <span class='ocrx_word' id='word_1_296' title='bbox 471 3731 588 3818; x_wconf 89' lang='lat' dir='ltr'>quibus</span> <span class='ocrx_word' id='word_1_297' title='bbox 609 3733 774 3796; x_wconf 88' lang='lat' dir='ltr'>notandae</span> <span class='ocrx_word' id='word_1_298' title='bbox 797 3731 952 3798; x_wconf 85' lang='lat' dir='ltr'>videntur</span> <span class='ocrx_word' id='word_1_299' title='bbox 975 3733 1055 3798; x_wconf 73' lang='lat' dir='ltr'>haer</span> <span class='ocrx_word' id='word_1_300' title='bbox 1079 3733 1150 3796; x_wconf 84' lang='lat' dir='ltr'>uisi</span> <span class='ocrx_word' id='word_1_301' title='bbox 1164 3732 1279 3813; x_wconf 86' lang='lat' dir='ltr'>modo,</span> 
     </span>
     <span class='ocr_line' id='line_1_38' title="bbox 193 3815 1280 3971; baseline -0.004 -83"><span class='ocrx_word' id='word_1_302' title='bbox 193 3887 207 3910; x_wconf 66' lang='grc'>,</span> <span class='ocrx_word' id='word_1_303' title='bbox 223 3823 294 3971; x_wconf 60' lang='lat' dir='ltr'>relisi</span> <span class='ocrx_word' id='word_1_304' title='bbox 312 3817 460 3908; x_wconf 81' lang='lat' dir='ltr'>quidem.</span> <span class='ocrx_word' id='word_1_305' title='bbox 509 3817 581 3882; x_wconf 85' lang='lat' dir='ltr'>Nos</span> <span class='ocrx_word' id='word_1_306' title='bbox 614 3817 755 3884; x_wconf 88' lang='lat' dir='ltr'>dicimus</span> <span class='ocrx_word' id='word_1_307' title='bbox 786 3839 886 3884; x_wconf 72' lang='lat' dir='ltr'>evena</span> <span class='ocrx_word' id='word_1_308' title='bbox 914 3819 1009 3896; x_wconf 74' lang='lat' dir='ltr'>uiolet</span> <span class='ocrx_word' id='word_1_309' title='bbox 1038 3816 1131 3901; x_wconf 81' lang='lat' dir='ltr'>eheu,</span> <span class='ocrx_word' id='word_1_310' title='bbox 1160 3815 1280 3908; x_wconf 77' lang='lat' dir='ltr'>urrseer</span> 
     </span>
     <span class='ocr_line' id='line_1_39' title="bbox 223 3931 317 3974; baseline -0.053 0"><span class='ocrx_word' id='word_1_311' title='bbox 223 3931 317 3974; x_wconf 82' lang='lat' dir='ltr'>een.</span> 
     </span>
    </p>
   </div>
   <div class='ocr_carea' id='block_1_10' title="bbox 226 4039 1279 4277">
    <p class='ocr_par' dir='ltr' id='par_1_10' title="bbox 226 4039 1279 4277">
     <span class='ocr_line' id='line_1_40' title="bbox 278 4039 1279 4130; baseline -0.004 -25"><span class='ocrx_word' id='word_1_312' title='bbox 278 4119 283 4130; x_wconf 77' lang='lat'>.</span> <span class='ocrx_word' id='word_1_313' title='bbox 325 4051 418 4105; x_wconf 86' lang='lat' dir='ltr'>Pluut.</span> <span class='ocrx_word' id='word_1_314' title='bbox 439 4047 518 4100; x_wconf 79' lang='lat' dir='ltr'>Most.</span> <span class='ocrx_word' id='word_1_315' title='bbox 535 4041 605 4112; x_wconf 77' lang='grc'>3,’3,</span> <span class='ocrx_word' id='word_1_316' title='bbox 622 4047 648 4099; x_wconf 90' lang='grc'>2.</span> <span class='ocrx_word' id='word_1_317' title='bbox 669 4065 810 4117; x_wconf 83' lang='lat' dir='ltr'>numqaum</span> <span class='ocrx_word' id='word_1_318' title='bbox 828 4049 917 4119; x_wconf 83' lang='lat' dir='ltr'>edepol</span> <span class='ocrx_word' id='word_1_319' title='bbox 933 4067 974 4102; x_wconf 85' lang='lat' dir='ltr'>mc</span> <span class='ocrx_word' id='word_1_320' title='bbox 988 4048 1040 4102; x_wconf 82' lang='lat' dir='ltr'>ecio</span> <span class='ocrx_word' id='word_1_321' title='bbox 1055 4049 1149 4102; x_wconf 85' lang='lat' dir='ltr'>uidicee</span> <span class='ocrx_word' id='word_1_322' title='bbox 1168 4039 1279 4117; x_wconf 68' lang='lat' dir='ltr'>usquam⁴</span> 
     </span>
     <span class='ocr_line' id='line_1_41' title="bbox 293 4133 1279 4203; baseline -0.003 -13"><span class='ocrx_word' id='word_1_323' title='bbox 293 4137 407 4190; x_wconf 72' lang='lat' dir='ltr'>utititas</span> <span class='ocrx_word' id='word_1_324' title='bbox 425 4135 509 4196; x_wconf 78' lang='lat' dir='ltr'>aeder,</span> <span class='ocrx_word' id='word_1_325' title='bbox 532 4134 585 4184; x_wconf 79' lang='lat' dir='ltr'>uisi</span> <span class='ocrx_word' id='word_1_326' title='bbox 612 4133 688 4184; x_wconf 85' lang='lat' dir='ltr'>modo</span> <span class='ocrx_word' id='word_1_327' title='bbox 710 4135 795 4188; x_wconf 78' lang='lat' dir='ltr'>hacce.</span> <span class='ocrx_word' id='word_1_328' title='bbox 819 4133 881 4188; x_wconf 83' lang='lat' dir='ltr'>Mil.</span> <span class='ocrx_word' id='word_1_329' title='bbox 907 4133 935 4203; x_wconf 85' lang='lat'>4,</span> <span class='ocrx_word' id='word_1_330' title='bbox 956 4133 983 4200; x_wconf 78' lang='lat'>4,</span> <span class='ocrx_word' id='word_1_331' title='bbox 1004 4133 1047 4187; x_wconf 83' lang='grc'>29.</span> <span class='ocrx_word' id='word_1_332' title='bbox 1065 4136 1152 4189; x_wconf 80' lang='lat' dir='ltr'>ordine</span> <span class='ocrx_word' id='word_1_333' title='bbox 1168 4135 1209 4188; x_wconf 73' lang='lat' dir='ltr'>ier</span> <span class='ocrx_word' id='word_1_334' title='bbox 1226 4136 1279 4189; x_wconf 78' lang='lat' dir='ltr'>nter·</span> 
     </span>
     <span class='ocr_line' id='line_1_42' title="bbox 226 4215 715 4277; baseline -0.01 0"><span class='ocrx_word' id='word_1_335' title='bbox 226 4215 231 4222; x_wconf 78' lang='grc'><strong>’</strong></span> <span class='ocrx_word' id='word_1_336' title='bbox 292 4224 365 4277; x_wconf 84' lang='lat' dir='ltr'>ruodo</span> <span class='ocrx_word' id='word_1_337' title='bbox 383 4238 464 4275; x_wconf 84' lang='lat' dir='ltr'>uuum</span> <span class='ocrx_word' id='word_1_338' title='bbox 481 4219 538 4273; x_wconf 77' lang='lat' dir='ltr'>lucc.</span> <span class='ocrx_word' id='word_1_339' title='bbox 557 4217 605 4273; x_wconf 88' lang='lat' dir='ltr'>int.</span> <span class='ocrx_word' id='word_1_340' title='bbox 621 4217 715 4272; x_wconf 84' lang='lat' dir='ltr'>uddee.</span> 
     </span>
    </p>
   </div>
   <div class='ocr_carea' id='block_1_11' title="bbox 0 0 1442 4752">
    <p class='ocr_par' dir='ltr' id='par_1_11' title="bbox 0 0 1442 4752">
     <span class='ocr_line' id='line_1_43' title="bbox 0 0 1442 4752; baseline 0 2"><span class='ocrx_word' id='word_1_341' title='bbox 0 0 1442 4752; x_wconf 95' lang='lat' dir='ltr'> </span> 
     </span>
    </p>
   </div>
  </div>
 </body>
</html>
