2854 4750
93 285 95 292 ,
143 315 148 329 s
188 323 190 328 ,
248 241 308 310 nn
612 241 712 310 unc.
755 241 922 329 unove,
1034 235 1035 240 ‘

243 409 373 499 pressit
389 407 516 500 Scipio.
549 411 619 478 ttv.
635 419 667 495 2,
687 418 738 495 tt,
755 418 806 481 to.
829 413 882 480 ito
899 411 993 477 coeci
1010 410 1048 478 in
1063 401 1179 478 medio
1189 433 1302 500 prae-

151 548 158 568 ,
248 497 411 580 datores,
432 519 539 586 neque
562 499 613 563 nd
628 521 788 599 pugnam
815 496 947 564 niridnc
966 521 1091 584 ponec,
1115 509 1150 565 et
1170 498 1220 563 nd
1235 496 1304 587 fn·

186 586 189 594 '
247 585 456 682 gumceptir
479 581 634 649 omnibus
658 586 731 649 orie.
755 595 810 649 aut
831 607 892 672 per
916 595 949 648 et
970 584 1036 648 duo
1058 584 1198 648 nomina
1221 607 1309 648 con-

251 679 450 762 iunguntur,
475 669 524 734 uti
540 671 627 759 apud
645 671 778 736 Sallust.
794 669 863 755 lug.
889 673 942 744 24,
959 673 988 734 5.
1011 670 1082 735 nici
1107 681 1226 736 tomen
1245 671 1306 734 in-

253 755 374 842 telligo
398 753 646 843 idumeum,
684 777 788 844 qnam
811 779 876 844 ego
899 778 991 834 eum,
1022 767 1160 842 petere,
1199 777 1308 844 ncqnc

218 871 219 874 ¹
254 840 358 904 simul
382 841 577 907 amicitiam
598 854 755 926 noctram
779 852 812 906 et
839 841 988 928 regnum
1016 863 1128 905 meum
1153 863 1309 926 sperare.

255 925 345 1014 Virg.
372 929 432 991 Ge.
448 933 479 1001 2,
495 933 569 994 220.
597 952 658 994 nec
680 925 795 992 scabie
816 936 849 992 et
874 925 978 1015 folco
1008 927 1120 992 laedit
1148 925 1310 1015 robigine

246 1008 397 1100 ferrum.
443 1013 637 1100 ‘Herzogiur
671 1013 834 1078 rationem
866 1013 911 1076 ita
938 1013 1125 1077 constituit:
1158 1034 1221 1098 per
1245 1035 1311 1076 nc-

256 1119 318 1184 qne
331 1134 375 1151 -ι-
391 1111 423 1162 et
447 1121 517 1163 non
532 1099 678 1186 aequalia
696 1097 875 1186 componi,
897 1099 953 1164 sed
970 1121 1075 1186 neque
1091 1097 1228 1188 praefigi
1252 1119 1313 1184 ge·

256 1184 360 1248 nerali
377 1185 509 1249 notioni
531 1195 565 1248 et
582 1185 794 1273 negationem
818 1207 887 1250 esse
902 1183 1082 1258 leviorem,
1105 1194 1224 1248 contra
1248 1205 1312 1271 per

193 1303 194 1310 1
257 1280 291 1334 et
306 1268 440 1354 adiungi
460 1291 534 1344 rem
559 1271 780 1358 singularem,
804 1291 888 1357 quae
910 1270 953 1334 ob
978 1271 1084 1358 ipsam
1109 1267 1313 1334 affirmatio-

257 1376 335 1418 nem
354 1357 486 1442 gravior
506 1356 559 1422 eit.
602 1356 640 1420 ln
655 1355 706 1420 hir
721 1356 755 1420 id
774 1377 887 1420 verum
903 1365 963 1436 est,
985 1377 1053 1420 uon
1069 1355 1214 1442 nequalia
1225 1377 1312 1438 esse,

254 1461 344 1528 -quae
367 1443 411 1505 itu
434 1453 694 1530 componuntur.
749 1442 887 1528 Negavit
911 1441 1085 1528 Lippertus
1110 1442 1146 1506 in
1168 1439 1313 1508 Excurs-

261 1525 302 1590 ud
328 1527 421 1590 Caes.
441 1527 477 1592 B.
503 1527 579 1616 gall.
603 1550 638 1615 p.
656 1531 730 1593 619.
759 1539 875 1591 contra
899 1527 1101 1610 Herzogium
1129 1527 1313 1614 disputans,

258 1633 329 1676 uon
347 1611 543 1678 adscendere
559 1616 743 1681 orationem
759 1611 821 1676 hac
837 1607 982 1678 formuli
1006 1613 1045 1677 nd
1062 1614 1231 1700 graviora,
1254 1613 1314 1678 sed

163 1712 164 1722 ¹
255 1709 372 1796 ¹partes
390 1701 571 1764 sententiae
587 1701 733 1770 strictius
749 1699 927 1784 coniungi,
947 1699 1017 1763 allis
1035 1699 1194 1763 exclusisr
1218 1699 1313 1787 quod
1408 1708 1409 1723 ³

256 1805 367 1870 ipsum
399 1784 642 1854 cohaerentiam
665 1795 814 1872 spectans
837 1807 938 1848 nemo
962 1807 1032 1849 non
1055 1784 1200 1869 agnovit.
1247 1783 1315 1848 Sed

262 1869 368 1932 oratio
389 1881 444 1934 aut
462 1871 630 1936 descendit
644 1890 706 1959 per
720 1895 781 1936 nec
794 1905 839 1925 -ν
854 1882 888 1936 et
903 1871 967 1948 itu,
988 1881 1025 1933 ut
1041 1870 1185 1956 graviori
1208 1893 1314 1958 nega-

261 1955 355 2018 tione
381 1957 504 2043 aliquid
529 1956 649 2022 fortius
675 1967 831 2044 negetur,
855 1957 906 2022 eui
931 1955 1018 2021 eliud
1044 1958 1192 2036 accedat,
1222 1955 1316 2044 quod
1386 1975 1389 1983 “

262 2041 313 2106 vel
338 2039 394 2106 illa
413 2043 559 2123 sublate,
588 2043 639 2107 vel
662 2054 829 2130 praeterea
854 2064 922 2108 esse
945 2041 1083 2106 dicitur:
1104 2063 1207 2130 ¹caepe
1231 2041 1318 2108 illud

260 2149 324 2196 nec
346 2127 439 2194 reddi
463 2138 574 2216 potest
596 2149 657 2214 per
677 2127 902 2216 heinecwegc:
922 2149 983 2192 nec
1007 2151 1083 2192 raro
1111 2126 1246 2194 additur
1270 2127 1319 2208 id,

265 2213 356 2298 quod
373 2216 555 2283 restrictius
573 2215 699 2279 dicatur
715 2225 822 2302 peret
839 2225 950 2278 certe.-
974 2228 1030 2277 aut
1047 2212 1215 2281 adscendit
1234 2237 1318 2278 oca·-

263 2301 313 2363 tio
332 2303 515 2389 per'neqne
530 2337 574 2354 ·-
588 2313 621 2365 et
640 2301 700 2372 ita,
725 2311 762 2368 ut
786 2300 948 2366 sententia
972 2301 1109 2364 exsistat
1132 2299 1319 2364 verborum

264 2408 334 2453 non
349 2385 451 2450 modo
466 2409 535 2451 non
550 2422 595 2441 „-
610 2387 672 2450 seri
686 2387 794 2462 (raico,
815 2385 876 2450 ced
888 2385 1015 2474 potine.
1060 2385 1094 2448 Si
1112 2385 1183 2470 quis
1205 2397 1321 2452 tamen

221 2497 224 2509 ·
264 2469 358 2534 locus
378 2477 418 2536 ab
437 2471 497 2534 hac
513 2493 630 2539 norma
651 2471 773 2537 alienus
792 2469 936 2552 videtur,
958 2470 992 2536 id
1011 2481 1065 2533 aut
1082 2493 1196 2544 errore
1211 2471 1321 2535 libra-

264 2555 395 2620 riorum
420 2567 476 2622 aut
495 2556 693 2652 negligentia
714 2562 916 2649 scriptorum
942 2552 1064 2621 factum
1088 2579 1159 2622 esse
1184 2557 1322 2646 putabi-

264 2663 360 2718 mus,
385 2653 440 2706 aut
462 2641 549 2706 nullu
574 2643 810 2732 est'partium‚
834 2663 918 2728 quae
940 2641 1166 2723 collocantur,
1183 2644 1323 2707 ‹vicissi-

265 2727 360 2796 tudo,
414 2729 620 2792 Graecorum
659 2724 728 2796 aire
750 2765 793 2784 μ.-
819 2751 849 2807 re
870 2750 939 2792 non
963 2738 1074 2792 exacte
1104 2729 1323 2816 respondent,

268 2833 371 2962 guum
391 2813 536 2900 aequalia
553 2825 770 2900 componant.
813 2811 851 2886 ln
871 2811 1049 2883 afferendis
1076 2817 1198 2880 causale
1222 2838 1324 2904 saepe

292 2899 387 2970 icitur
402 2921 487 2971 nam
506 2921 611 2988 neque
628 2939 667 2957 ει·
686 2911 731 2970 et·

373 3069 430 3131 etc,
453 3069 488 3126 ud
501 3067 579 3122 Fam.
594 3067 622 3134 4,
637 3067 663 3136 6,
679 3069 722 3124 to.
747 3075 849 3140 tempor
867 3065 935 3138 qnod
956 3073 991 3121 cst
1015 3072 1097 3122 totum
1120 3067 1157 3120 nd
1174 3067 1256 3122 uniar
1277 3087 1325 3122 oo·

336 3149 731 3216 luntatern'nccommndandnm
754 3163 780 3208 et
801 3153 937 3224 pendentis
958 3160 983 3206 et
1003 3153 1135 3220 ttteratn,
1160 3161 1185 3205 ct
1211 3161 1242 3206 nt
1262 3173 1326 3224 pcr-

334 3241 445 3308 tpenine
458 3240 563 3304 uideor,
583 3257 630 3292 nec
648 3257 666 3292 o
683 3257 724 3292 me
739 3241 833 3302 alieni,
849 3246 873 3291 et
886 3238 935 3290 tttt
955 3237 1129 3290 amicissimis
1144 3235 1233 3291 Prius
1253 3237 1327 3291 illud

243 3366 245 3370 .
336 3322 464 3384 distincte
478 3329 579 3393 neget,
598 3323 714 3384 ulturum
730 3312 765 3376 dc
784 3322 874 3376 ullene
887 3320 1012 3374 umlcltle
1030 3338 1082 3374 non
1100 3320 1166 3374 item
1192 3323 1328 3378 affirmat.

335 3408 369 3462 de
386 3408 440 3464 Off.
456 3407 483 3474 2,
496 3409 539 3473 12,
554 3407 597 3460 43.
615 3415 645 3461 ot
661 3409 777 3476 einafilii
790 3400 837 3460 nec
854 3407 905 3458 viai
917 3393 1094 3476 grobolnntnr
1117 3407 1194 3470 bonu,
1212 3415 1238 3458 ct
1253 3425 1329 3460 mnr-

336 3493 379 3548 tna·
401 3492 672 3547 uenerandumne
693 3493 749 3544 inre
776 3509 938 3562 coecorum„
957 3490 983 3555 1,
1008 3491 1035 3555 2,
1062 3489 1104 3544 72.
1133 3491 1260 3559 siqnidem
1281 3510 1328 3546 nec

336 3577 413 3630 annii
420 3579 511 3644 sutori
527 3571 607 3642 eant,
624 3584 650 3630 et
663 3578 800 3646 grauitate
821 3576 1019 3644 constantiaque
1043 3575 1145 3628 victuri.
1175 3575 1209 3640 8„
1219 3573 1264 3642 14,
1280 3575 1328 3632 58.

336 3661 411 3726 conci
434 3678 559 3714 romanus
583 3678 631 3716 nec
654 3661 785 3727 infacetus
815 3669 840 3712 ct
860 3660 924 3712 nnn
946 3659 1088 3712 litterator.
1123 3660 1158 3714 ed
1178 3661 1259 3720 Fun.
1283 3663 1328 3728 13,

339 3741 385 3806 28,
399 3743 426 3798 8.
451 3744 496 3810 111,
515 3744 542 3808 1,
560 3743 585 3798 l.
614 3745 745 3796 Furnium
766 3749 883 3798 nostrum
908 3745 978 3798 tanti
1004 3763 1023 3797 n
1046 3751 1073 3797 te
1088 3745 1169 3812 ficri,
1197 3741 1330 3814 qnantum

339 3828 424 3897 ipsine
446 3837 471 3881 ct
486 3830 638 3883 humaniter
657 3837 682 3881 et
703 3829 824 3898 digniter
843 3829 974 3896 portnlut,
993 3846 1041 3881 nec
1060 3829 1143 3882 miror
1164 3837 1190 3882 et
1211 3831 1331 3900 gaudeo.

339 3913 402 3966 Hoc
415 3918 473 3966 eutr
494 3928 669 3982 nequequam
683 3911 784 3977 miror,
802 3919 831 3966 ct
854 3912 963 3982 gaudeo
986 3913 1079 3972 etium,
1113 3912 1149 3965 de
1163 3913 1227 3974 ltin,¹
1241 3914 1269 3980 5,
1283 3913 1330 3980 24,

337 3995 381 4049 ῚἏι
400 3997 463 4049 llaec
480 4005 516 4049 ert
531 4013 578 4066 nec
592 3997 680 4050 omnio
699 3997 842 4066 spernentia
867 4007 968 4068 praeter
990 3999 1131 4062 virtutem,
1156 4007 1182 4051 et
1205 4000 1331 4060 virtudem

341 4081 425 4154 ipram
439 4081 493 4138 nn
509 4081 631 4144 tonditur
650 4082 839 4154 amplificantis.
858 4085 950 4148 cretio,
982 4083 1009 4150 1,
1027 4082 1056 4148 l,
1070 4082 1097 4140 ὃ,
1117 4083 1232 4161 Fragm.
1253 4086 1331 4147 flor.
