<?xml version="1.0" encoding="UTF-8"?>
<!DOCTYPE html PUBLIC "-//W3C//DTD XHTML 1.0 Transitional//EN"
    "http://www.w3.org/TR/xhtml1/DTD/xhtml1-transitional.dtd">
<html xmlns="http://www.w3.org/1999/xhtml" xml:lang="en" lang="en">
 <head>
  <title>
</title>
<meta http-equiv="Content-Type" content="text/html;charset=utf-8" />
  <meta name='ocr-system' content='tesseract 3.04.00' />
  <meta name='ocr-capabilities' content='ocr_page ocr_carea ocr_par ocr_line ocrx_word'/>
</head>
<body>
  <div class='ocr_page' id='page_1' title='image "./ferdinandihandi02torsgoog_0179.png"; bbox 0 0 2876 4752; ppageno 0'>
   <div class='ocr_carea' id='block_1_1' title="bbox 455 297 1185 438">
    <p class='ocr_par' dir='ltr' id='par_1_1' title="bbox 455 297 1185 438">
     <span class='ocr_line' id='line_1_1' title="bbox 455 297 1185 438; baseline 0.005 -29"><span class='ocrx_word' id='word_1_1' title='bbox 455 341 462 368; x_wconf 62' lang='lat'><em>*</em></span> <span class='ocrx_word' id='word_1_2' title='bbox 506 331 651 411; x_wconf 76' lang='lat' dir='ltr'>&#39;unvu</span> <span class='ocrx_word' id='word_1_3' title='bbox 692 343 795 412; x_wconf 81' lang='lat' dir='ltr'>nav.</span> <span class='ocrx_word' id='word_1_4' title='bbox 1078 297 1185 438; x_wconf 20' lang='lat'><strong>&#39;¹173</strong></span> 
     </span>
    </p>
   </div>
   <div class='ocr_carea' id='block_1_2' title="bbox 127 511 1187 864">
    <p class='ocr_par' dir='ltr' id='par_1_2' title="bbox 127 511 1187 864">
     <span class='ocr_line' id='line_1_2' title="bbox 127 511 1186 604; baseline 0.002 -22"><span class='ocrx_word' id='word_1_5' title='bbox 127 515 306 604; x_wconf 85' lang='lat' dir='ltr'>exempla,</span> <span class='ocrx_word' id='word_1_6' title='bbox 336 511 519 580; x_wconf 78' lang='lat' dir='ltr'>verendum</span> <span class='ocrx_word' id='word_1_7' title='bbox 543 523 614 595; x_wconf 89' lang='lat' dir='ltr'>est,</span> <span class='ocrx_word' id='word_1_8' title='bbox 644 536 688 580; x_wconf 86' lang='lat' dir='ltr'>ne</span> <span class='ocrx_word' id='word_1_9' title='bbox 713 514 948 602; x_wconf 81' lang='lat' dir='ltr'>grammaticus</span> <span class='ocrx_word' id='word_1_10' title='bbox 972 519 1128 583; x_wconf 80' lang='lat' dir='ltr'>erraverit</span> <span class='ocrx_word' id='word_1_11' title='bbox 1149 521 1186 584; x_wconf 91' lang='lat' dir='ltr'>in</span> 
     </span>
     <span class='ocr_line' id='line_1_3' title="bbox 129 599 1187 691; baseline 0 -23"><span class='ocrx_word' id='word_1_12' title='bbox 129 601 333 691; x_wconf 88' lang='lat' dir='ltr'>explicando</span> <span class='ocrx_word' id='word_1_13' title='bbox 362 599 522 666; x_wconf 80' lang='lat' dir='ltr'>vocabulo</span> <span class='ocrx_word' id='word_1_14' title='bbox 545 600 633 679; x_wconf 83' lang='lat' dir='ltr'>nisi,</span> <span class='ocrx_word' id='word_1_15' title='bbox 661 601 753 688; x_wconf 88' lang='lat' dir='ltr'>quod</span> <span class='ocrx_word' id='word_1_16' title='bbox 770 601 879 686; x_wconf 87' lang='lat' dir='ltr'>ipsum</span> <span class='ocrx_word' id='word_1_17' title='bbox 904 621 968 684; x_wconf 88' lang='lat' dir='ltr'>pro</span> <span class='ocrx_word' id='word_1_18' title='bbox 998 604 1073 666; x_wconf 82' lang='lat' dir='ltr'>nesi</span> <span class='ocrx_word' id='word_1_19' title='bbox 1095 604 1187 669; x_wconf 87' lang='lat' dir='ltr'>dice·</span> 
     </span>
     <span class='ocr_line' id='line_1_4' title="bbox 130 685 1186 781; baseline 0.004 -28"><span class='ocrx_word' id='word_1_20' title='bbox 130 689 242 770; x_wconf 90' lang='lat' dir='ltr'>batur,</span> <span class='ocrx_word' id='word_1_21' title='bbox 265 697 299 752; x_wconf 87' lang='lat' dir='ltr'>et</span> <span class='ocrx_word' id='word_1_22' title='bbox 316 708 416 781; x_wconf 71' lang='lat' dir='ltr'>saepe</span> <span class='ocrx_word' id='word_1_23' title='bbox 431 686 495 762; x_wconf 87' lang='lat' dir='ltr'>ita,</span> <span class='ocrx_word' id='word_1_24' title='bbox 518 694 553 748; x_wconf 89' lang='lat' dir='ltr'>ut</span> <span class='ocrx_word' id='word_1_25' title='bbox 570 685 611 749; x_wconf 92' lang='lat' dir='ltr'>ad</span> <span class='ocrx_word' id='word_1_26' title='bbox 630 685 861 776; x_wconf 74' lang='lat' dir='ltr'>explicandam</span> <span class='ocrx_word' id='word_1_27' title='bbox 876 689 1073 753; x_wconf 85' lang='lat' dir='ltr'>sententiam</span> <span class='ocrx_word' id='word_1_28' title='bbox 1088 689 1186 757; x_wconf 88' lang='lat' dir='ltr'>adhi-</span> 
     </span>
     <span class='ocr_line' id='line_1_5' title="bbox 129 770 1102 864; baseline -0.006 -24"><span class='ocrx_word' id='word_1_29' title='bbox 129 774 202 842; x_wconf 87' lang='lat' dir='ltr'>beri</span> <span class='ocrx_word' id='word_1_30' title='bbox 217 781 333 864; x_wconf 85' lang='lat' dir='ltr'>posset</span> <span class='ocrx_word' id='word_1_31' title='bbox 347 770 550 860; x_wconf 78' lang='lat' dir='ltr'><strong>praepositio</strong></span> <span class='ocrx_word' id='word_1_32' title='bbox 567 772 650 838; x_wconf 82' lang='lat' dir='ltr'>sine.</span> <span class='ocrx_word' id='word_1_33' title='bbox 1099 773 1102 780; x_wconf 87' lang='lat'>&#39;</span> 
     </span>
    </p>
   </div>
   <div class='ocr_carea' id='block_1_3' title="bbox 456 933 1015 1094">
    <p class='ocr_par' dir='ltr' id='par_1_3' title="bbox 456 933 1015 1094">
     <span class='ocr_line' id='line_1_6' title="bbox 456 933 1015 1094; baseline 0.002 -35"><span class='ocrx_word' id='word_1_34' title='bbox 456 933 648 1061; x_wconf 75' lang='lat' dir='ltr'>aava.</span> <span class='ocrx_word' id='word_1_35' title='bbox 709 971 859 1091; x_wconf 77' lang='lat' dir='ltr'>Nau.</span> <span class='ocrx_word' id='word_1_36' title='bbox 907 1087 910 1094; x_wconf 80' lang='lat'>.</span> <span class='ocrx_word' id='word_1_37' title='bbox 1010 940 1015 950; x_wconf 83' lang='grc'>’</span> 
     </span>
    </p>
   </div>
   <div class='ocr_carea' id='block_1_4' title="bbox 125 1126 1258 2072">
    <p class='ocr_par' dir='ltr' id='par_1_4' title="bbox 125 1126 1258 2072">
     <span class='ocr_line' id='line_1_7' title="bbox 214 1126 1184 1198; baseline -0.001 0"><span class='ocrx_word' id='word_1_38' title='bbox 214 1129 307 1198; x_wconf 78' lang='lat' dir='ltr'>Neve</span> <span class='ocrx_word' id='word_1_39' title='bbox 329 1140 361 1194; x_wconf 90' lang='lat' dir='ltr'>et</span> <span class='ocrx_word' id='word_1_40' title='bbox 379 1149 445 1194; x_wconf 84' lang='lat' dir='ltr'>neu</span> <span class='ocrx_word' id='word_1_41' title='bbox 461 1127 711 1194; x_wconf 83' lang='lat' dir='ltr'>coniunctiones</span> <span class='ocrx_word' id='word_1_42' title='bbox 729 1136 807 1191; x_wconf 87' lang='lat' dir='ltr'>sunt</span> <span class='ocrx_word' id='word_1_43' title='bbox 820 1126 1031 1194; x_wconf 81' lang='lat' dir='ltr'>disiunctivne</span> <span class='ocrx_word' id='word_1_44' title='bbox 1054 1132 1088 1197; x_wconf 90' lang='lat' dir='ltr'>in</span> <span class='ocrx_word' id='word_1_45' title='bbox 1105 1153 1184 1197; x_wconf 87' lang='lat' dir='ltr'>sen·</span> 
     </span>
     <span class='ocr_line' id='line_1_8' title="bbox 129 1213 1185 1302; baseline 0 -20"><span class='ocrx_word' id='word_1_46' title='bbox 129 1219 264 1289; x_wconf 86' lang='lat' dir='ltr'>tentiis,</span> <span class='ocrx_word' id='word_1_47' title='bbox 288 1237 371 1302; x_wconf 90' lang='lat' dir='ltr'>quae</span> <span class='ocrx_word' id='word_1_48' title='bbox 388 1214 597 1300; x_wconf 85' lang='lat' dir='ltr'>negationem</span> <span class='ocrx_word' id='word_1_49' title='bbox 613 1215 817 1300; x_wconf 89' lang='lat' dir='ltr'>exprimunt,</span> <span class='ocrx_word' id='word_1_50' title='bbox 839 1213 1021 1300; x_wconf 88' lang='lat' dir='ltr'>ponendae.</span> <span class='ocrx_word' id='word_1_51' title='bbox 1064 1215 1102 1281; x_wconf 91' lang='lat' dir='ltr'>ln</span> <span class='ocrx_word' id='word_1_52' title='bbox 1118 1241 1185 1282; x_wconf 81' lang='lat' dir='ltr'>neu</span> 
     </span>
     <span class='ocr_line' id='line_1_9' title="bbox 129 1296 1258 1390; baseline 0 -22"><span class='ocrx_word' id='word_1_53' title='bbox 129 1305 323 1370; x_wconf 72' lang='lat' dir='ltr'><strong>demittatur</strong></span> <span class='ocrx_word' id='word_1_54' title='bbox 341 1299 467 1390; x_wconf 77' lang='lat' dir='ltr'>syllaba</span> <span class='ocrx_word' id='word_1_55' title='bbox 483 1323 543 1387; x_wconf 86' lang='lat' dir='ltr'>per</span> <span class='ocrx_word' id='word_1_56' title='bbox 561 1321 754 1388; x_wconf 81' lang='lat' dir='ltr'>apocopen,</span> <span class='ocrx_word' id='word_1_57' title='bbox 777 1319 844 1384; x_wconf 92' lang='lat' dir='ltr'>quo</span> <span class='ocrx_word' id='word_1_58' title='bbox 866 1296 923 1376; x_wconf 83' lang='lat' dir='ltr'>fit,</span> <span class='ocrx_word' id='word_1_59' title='bbox 944 1311 980 1362; x_wconf 85' lang='lat' dir='ltr'>ut</span> <span class='ocrx_word' id='word_1_60' title='bbox 997 1317 1185 1368; x_wconf 72' lang='lat' dir='ltr'>consonans</span> <span class='ocrx_word' id='word_1_61' title='bbox 1256 1315 1258 1324; x_wconf 91' lang='lat'>&#39;</span> 
     </span>
     <span class='ocr_line' id='line_1_10' title="bbox 125 1383 1186 1465; baseline 0 -10"><span class='ocrx_word' id='word_1_62' title='bbox 125 1392 166 1455; x_wconf 90' lang='lat' dir='ltr'>iu</span> <span class='ocrx_word' id='word_1_63' title='bbox 197 1387 347 1454; x_wconf 78' lang='lat' dir='ltr'>vocalem</span> <span class='ocrx_word' id='word_1_64' title='bbox 379 1395 552 1465; x_wconf 76' lang='lat' dir='ltr'>transeat,¹</span> <span class='ocrx_word' id='word_1_65' title='bbox 578 1386 662 1450; x_wconf 89' lang='lat' dir='ltr'>sicut</span> <span class='ocrx_word' id='word_1_66' title='bbox 698 1387 734 1450; x_wconf 90' lang='lat' dir='ltr'>in</span> <span class='ocrx_word' id='word_1_67' title='bbox 759 1405 828 1448; x_wconf 75' lang='lat' dir='ltr'>scra.</span> <span class='ocrx_word' id='word_1_68' title='bbox 877 1383 1186 1455; x_wconf 78' lang='lat' dir='ltr'>Vide&#39;Schneideri</span> 
     </span>
     <span class='ocr_line' id='line_1_11' title="bbox 130 1469 1185 1562; baseline 0.001 -22"><span class='ocrx_word' id='word_1_69' title='bbox 130 1477 283 1540; x_wconf 88' lang='lat' dir='ltr'>Gramm.</span> <span class='ocrx_word' id='word_1_70' title='bbox 309 1472 351 1538; x_wconf 88' lang='lat' dir='ltr'>T.</span> <span class='ocrx_word' id='word_1_71' title='bbox 370 1477 397 1536; x_wconf 92' lang='lat'>1.</span> <span class='ocrx_word' id='word_1_72' title='bbox 415 1494 450 1558; x_wconf 89' lang='lat' dir='ltr'>p.</span> <span class='ocrx_word' id='word_1_73' title='bbox 470 1473 542 1536; x_wconf 87' lang='grc'><strong>175.</strong></span> <span class='ocrx_word' id='word_1_74' title='bbox 562 1481 594 1535; x_wconf 87' lang='lat' dir='ltr'>et</span> <span class='ocrx_word' id='word_1_75' title='bbox 608 1472 683 1536; x_wconf 84' lang='lat'>865.</span> <span class='ocrx_word' id='word_1_76' title='bbox 727 1469 896 1556; x_wconf 78' lang='lat' dir='ltr'>Elegantia</span> <span class='ocrx_word' id='word_1_77' title='bbox 916 1471 1097 1552; x_wconf 82' lang='lat' dir='ltr'>varietatis,</span> <span class='ocrx_word' id='word_1_78' title='bbox 1119 1497 1185 1562; x_wconf 90' lang='lat' dir='ltr'>qua</span> 
     </span>
     <span class='ocr_line' id='line_1_12' title="bbox 127 1556 1182 1643; baseline -0.002 -17"><span class='ocrx_word' id='word_1_79' title='bbox 127 1558 297 1626; x_wconf 87' lang='lat' dir='ltr'>Bentleius</span> <span class='ocrx_word' id='word_1_80' title='bbox 326 1557 447 1642; x_wconf 86' lang='lat' dir='ltr'>aliique</span> <span class='ocrx_word' id='word_1_81' title='bbox 471 1556 703 1621; x_wconf 84' lang='lat' dir='ltr'>existimarunt</span> <span class='ocrx_word' id='word_1_82' title='bbox 732 1566 847 1643; x_wconf 88' lang='lat' dir='ltr'>poetas</span> <span class='ocrx_word' id='word_1_83' title='bbox 875 1557 1182 1640; x_wconf 79' lang='lat' dir='ltr'>mutasse&#39;formas,</span> 
     </span>
     <span class='ocr_line' id='line_1_13' title="bbox 129 1640 1183 1734; baseline 0.001 -24"><span class='ocrx_word' id='word_1_84' title='bbox 129 1669 192 1712; x_wconf 91' lang='lat' dir='ltr'>nec</span> <span class='ocrx_word' id='word_1_85' title='bbox 211 1645 260 1708; x_wconf 90' lang='lat' dir='ltr'>bis</span> <span class='ocrx_word' id='word_1_86' title='bbox 281 1643 430 1732; x_wconf 85' lang='lat' dir='ltr'>posuisse</span> <span class='ocrx_word' id='word_1_87' title='bbox 446 1663 511 1706; x_wconf 84' lang='lat' dir='ltr'>neu</span> <span class='ocrx_word' id='word_1_88' title='bbox 527 1641 595 1707; x_wconf 84' lang='lat' dir='ltr'>sive</span> <span class='ocrx_word' id='word_1_89' title='bbox 618 1663 717 1720; x_wconf 81' lang='lat' dir='ltr'>nese,</span> <span class='ocrx_word' id='word_1_90' title='bbox 739 1640 831 1704; x_wconf 91' lang='lat' dir='ltr'>nulla</span> <span class='ocrx_word' id='word_1_91' title='bbox 850 1652 937 1719; x_wconf 88' lang='lat' dir='ltr'>erat,</span> <span class='ocrx_word' id='word_1_92' title='bbox 955 1664 998 1707; x_wconf 92' lang='lat' dir='ltr'>ne</span> <span class='ocrx_word' id='word_1_93' title='bbox 1021 1646 1183 1734; x_wconf 76' lang='lat' dir='ltr'>exemplis</span> 
     </span>
     <span class='ocr_line' id='line_1_14' title="bbox 129 1725 1184 1818; baseline 0.001 -23"><span class='ocrx_word' id='word_1_94' title='bbox 129 1731 267 1818; x_wconf 87' lang='lat' dir='ltr'>quidem</span> <span class='ocrx_word' id='word_1_95' title='bbox 291 1727 523 1815; x_wconf 83' lang='lat' dir='ltr'>comprobata.</span> <span class='ocrx_word' id='word_1_96' title='bbox 574 1725 790 1792; x_wconf 85' lang='lat' dir='ltr'>Grammatici</span> <span class='ocrx_word' id='word_1_97' title='bbox 812 1725 867 1791; x_wconf 89' lang='lat' dir='ltr'>alii</span> <span class='ocrx_word' id='word_1_98' title='bbox 889 1729 1095 1816; x_wconf 85' lang='lat' dir='ltr'>praecipiunt</span> <span class='ocrx_word' id='word_1_99' title='bbox 1117 1753 1184 1796; x_wconf 82' lang='lat' dir='ltr'>neu</span> 
     </span>
     <span class='ocr_line' id='line_1_15' title="bbox 128 1811 1183 1961; baseline 0.002 -81"><span class='ocrx_word' id='word_1_100' title='bbox 128 1837 297 1902; x_wconf 87' lang='lat' dir='ltr'>nusquam</span> <span class='ocrx_word' id='word_1_101' title='bbox 315 1825 391 1878; x_wconf 86' lang='lat' dir='ltr'>aute</span> <span class='ocrx_word' id='word_1_102' title='bbox 410 1812 556 1880; x_wconf 83' lang='lat' dir='ltr'>vocalem</span> <span class='ocrx_word' id='word_1_103' title='bbox 577 1814 723 1900; x_wconf 86' lang='lat' dir='ltr'>positum</span> <span class='ocrx_word' id='word_1_104' title='bbox 747 1811 896 1961; x_wconf 70' lang='lat' dir='ltr'>reperiri.</span> <span class='ocrx_word' id='word_1_105' title='bbox 939 1813 1122 1880; x_wconf 85' lang='lat' dir='ltr'>Hermann.</span> <span class='ocrx_word' id='word_1_106' title='bbox 1146 1817 1183 1882; x_wconf 88' lang='lat' dir='ltr'>in</span> 
     </span>
     <span class='ocr_line' id='line_1_16' title="bbox 128 1896 1245 1984; baseline 0 -17"><span class='ocrx_word' id='word_1_107' title='bbox 128 1899 241 1967; x_wconf 86' lang='lat' dir='ltr'>Praef.</span> <span class='ocrx_word' id='word_1_108' title='bbox 267 1899 307 1964; x_wconf 89' lang='lat' dir='ltr'>ad</span> <span class='ocrx_word' id='word_1_109' title='bbox 327 1898 431 1964; x_wconf 89' lang='lat' dir='ltr'>Plauti</span> <span class='ocrx_word' id='word_1_110' title='bbox 452 1899 609 1964; x_wconf 87' lang='lat' dir='ltr'>Trinum.</span> <span class='ocrx_word' id='word_1_111' title='bbox 631 1921 662 1984; x_wconf 89' lang='lat' dir='ltr'>p.</span> <span class='ocrx_word' id='word_1_112' title='bbox 684 1900 733 1961; x_wconf 78' lang='grc'>11.</span> <span class='ocrx_word' id='word_1_113' title='bbox 804 1896 843 1960; x_wconf 91' lang='lat' dir='ltr'>cd</span> <span class='ocrx_word' id='word_1_114' title='bbox 869 1898 1002 1963; x_wconf 79' lang='lat' dir='ltr'>Plautus</span> <span class='ocrx_word' id='word_1_115' title='bbox 1029 1901 1183 1968; x_wconf 80' lang='lat' dir='ltr'>Trinum.</span> <span class='ocrx_word' id='word_1_116' title='bbox 1241 1971 1245 1980; x_wconf 50' lang='grc'><em>,</em></span> 
     </span>
     <span class='ocr_line' id='line_1_17' title="bbox 128 1983 1183 2072; baseline 0 -18"><span class='ocrx_word' id='word_1_117' title='bbox 128 1993 161 2068; x_wconf 84' lang='grc'>8,</span> <span class='ocrx_word' id='word_1_118' title='bbox 177 1993 210 2070; x_wconf 85' lang='grc'>3,</span> <span class='ocrx_word' id='word_1_119' title='bbox 224 1991 279 2052; x_wconf 78' lang='lat'>27.</span> <span class='ocrx_word' id='word_1_120' title='bbox 298 2007 363 2050; x_wconf 84' lang='lat' dir='ltr'>neu</span> <span class='ocrx_word' id='word_1_121' title='bbox 378 1985 491 2072; x_wconf 81' lang='lat' dir='ltr'>ipsam</span> <span class='ocrx_word' id='word_1_122' title='bbox 507 2005 580 2049; x_wconf 83' lang='lat' dir='ltr'>rem</span> <span class='ocrx_word' id='word_1_123' title='bbox 597 1983 756 2069; x_wconf 80' lang='lat' dir='ltr'>indaget.</span> <span class='ocrx_word' id='word_1_124' title='bbox 795 1987 905 2070; x_wconf 85' lang='lat' dir='ltr'>¹Atque</span> <span class='ocrx_word' id='word_1_125' title='bbox 920 1986 966 2049; x_wconf 88' lang='lat' dir='ltr'>ita</span> <span class='ocrx_word' id='word_1_126' title='bbox 983 1986 1072 2072; x_wconf 90' lang='lat' dir='ltr'>apud</span> <span class='ocrx_word' id='word_1_127' title='bbox 1087 1987 1183 2056; x_wconf 88' lang='lat' dir='ltr'>alios.</span> 
     </span>
    </p>
   </div>
   <div class='ocr_carea' id='block_1_5' title="bbox 63 2101 1263 3306">
    <p class='ocr_par' dir='ltr' id='par_1_5' title="bbox 63 2101 1263 3306">
     <span class='ocr_line' id='line_1_18' title="bbox 216 2101 1183 2194; baseline 0.005 -26"><span class='ocrx_word' id='word_1_128' title='bbox 216 2101 420 2194; x_wconf 81' lang='lat' dir='ltr'>significatio</span> <span class='ocrx_word' id='word_1_129' title='bbox 444 2101 484 2170; x_wconf 92' lang='lat' dir='ltr'>ad</span> <span class='ocrx_word' id='word_1_130' title='bbox 509 2125 582 2168; x_wconf 84' lang='lat' dir='ltr'>eam</span> <span class='ocrx_word' id='word_1_131' title='bbox 603 2101 691 2173; x_wconf 84' lang='lat' dir='ltr'>redit</span> <span class='ocrx_word' id='word_1_132' title='bbox 708 2101 889 2183; x_wconf 87' lang='lat' dir='ltr'>rationem,</span> <span class='ocrx_word' id='word_1_133' title='bbox 912 2125 1012 2189; x_wconf 91' lang='lat' dir='ltr'>quam</span> <span class='ocrx_word' id='word_1_134' title='bbox 1033 2103 1135 2172; x_wconf 87' lang='lat' dir='ltr'>Tam.</span> <span class='ocrx_word' id='word_1_135' title='bbox 1153 2116 1183 2174; x_wconf 88' lang='lat'>1.</span> 
     </span>
     <span class='ocr_line' id='line_1_19' title="bbox 128 2185 1210 2279; baseline 0.002 -23"><span class='ocrx_word' id='word_1_136' title='bbox 128 2213 166 2279; x_wconf 88' lang='lat' dir='ltr'>p.</span> <span class='ocrx_word' id='word_1_137' title='bbox 183 2192 260 2256; x_wconf 82' lang='lat'>527.</span> <span class='ocrx_word' id='word_1_138' title='bbox 283 2189 434 2277; x_wconf 84' lang='lat' dir='ltr'>exposui.</span> <span class='ocrx_word' id='word_1_139' title='bbox 481 2185 522 2252; x_wconf 91' lang='lat' dir='ltr'><em>V</em></span> <span class='ocrx_word' id='word_1_140' title='bbox 518 2211 536 2253; x_wconf 86' lang='lat' dir='ltr'>e</span> <span class='ocrx_word' id='word_1_141' title='bbox 553 2188 660 2274; x_wconf 87' lang='lat' dir='ltr'>enim,</span> <span class='ocrx_word' id='word_1_142' title='bbox 683 2186 775 2273; x_wconf 91' lang='lat' dir='ltr'>quod</span> <span class='ocrx_word' id='word_1_143' title='bbox 792 2209 856 2274; x_wconf 82' lang='lat' dir='ltr'>pao</span> <span class='ocrx_word' id='word_1_144' title='bbox 874 2189 925 2252; x_wconf 77' lang='lat' dir='ltr'>uel</span> <span class='ocrx_word' id='word_1_145' title='bbox 937 2189 1057 2255; x_wconf 85' lang='lat' dir='ltr'>dicitur</span> <span class='ocrx_word' id='word_1_146' title='bbox 1070 2193 1183 2258; x_wconf 89' lang='lat' dir='ltr'>mino·</span> <span class='ocrx_word' id='word_1_147' title='bbox 1205 2223 1210 2230; x_wconf 86' lang='lat'>·</span> 
     </span>
     <span class='ocr_line' id='line_1_20' title="bbox 63 2273 1183 2360; baseline 0.003 -19"><span class='ocrx_word' id='word_1_148' title='bbox 63 2293 67 2314; x_wconf 76' lang='lat'><em>⁶</em></span> <span class='ocrx_word' id='word_1_149' title='bbox 127 2277 158 2343; x_wconf 85' lang='lat' dir='ltr'>ri</span> <span class='ocrx_word' id='word_1_150' title='bbox 176 2285 254 2340; x_wconf 84' lang='lat' dir='ltr'>cum</span> <span class='ocrx_word' id='word_1_151' title='bbox 278 2275 330 2353; x_wconf 82' lang='lat' dir='ltr'>vi,</span> <span class='ocrx_word' id='word_1_152' title='bbox 351 2297 420 2344; x_wconf 89' lang='lat' dir='ltr'>non</span> <span class='ocrx_word' id='word_1_153' title='bbox 444 2273 531 2360; x_wconf 88' lang='lat' dir='ltr'>ipsas</span> <span class='ocrx_word' id='word_1_154' title='bbox 554 2294 609 2340; x_wconf 85' lang='lat' dir='ltr'>res</span> <span class='ocrx_word' id='word_1_155' title='bbox 632 2273 775 2338; x_wconf 82' lang='lat' dir='ltr'>diversas</span> <span class='ocrx_word' id='word_1_156' title='bbox 794 2274 938 2360; x_wconf 90' lang='lat' dir='ltr'>opponit</span> <span class='ocrx_word' id='word_1_157' title='bbox 960 2284 1018 2339; x_wconf 90' lang='lat' dir='ltr'>aut</span> <span class='ocrx_word' id='word_1_158' title='bbox 1041 2275 1183 2344; x_wconf 87' lang='lat' dir='ltr'>alterum</span> 
     </span>
     <span class='ocr_line' id='line_1_21' title="bbox 127 2357 1184 2459; baseline 0 -31"><span class='ocrx_word' id='word_1_159' title='bbox 127 2361 235 2428; x_wconf 81' lang='lat' dir='ltr'>altero</span> <span class='ocrx_word' id='word_1_160' title='bbox 252 2363 363 2449; x_wconf 86' lang='lat' dir='ltr'>posito</span> <span class='ocrx_word' id='word_1_161' title='bbox 380 2359 543 2438; x_wconf 79' lang='lat' dir='ltr'>excludit,</span> <span class='ocrx_word' id='word_1_162' title='bbox 565 2357 622 2423; x_wconf 89' lang='lat' dir='ltr'>sed</span> <span class='ocrx_word' id='word_1_163' title='bbox 639 2358 680 2424; x_wconf 89' lang='lat' dir='ltr'>nd</span> <span class='ocrx_word' id='word_1_164' title='bbox 701 2359 937 2444; x_wconf 86' lang='lat' dir='ltr'>cogitationem</span> <span class='ocrx_word' id='word_1_165' title='bbox 957 2371 1129 2459; x_wconf 81' lang='lat' dir='ltr'>provocat,</span> <span class='ocrx_word' id='word_1_166' title='bbox 1150 2372 1184 2428; x_wconf 82' lang='lat' dir='ltr'>et</span> 
     </span>
     <span class='ocr_line' id='line_1_22' title="bbox 127 2445 1263 2534; baseline -0.001 -21"><span class='ocrx_word' id='word_1_167' title='bbox 127 2447 275 2524; x_wconf 79' lang='lat' dir='ltr'>iudicio,</span> <span class='ocrx_word' id='word_1_168' title='bbox 296 2446 388 2534; x_wconf 87' lang='lat' dir='ltr'>quod</span> <span class='ocrx_word' id='word_1_169' title='bbox 404 2445 681 2534; x_wconf 85' lang='lat' dir='ltr'>problematicum</span> <span class='ocrx_word' id='word_1_170' title='bbox 699 2465 873 2522; x_wconf 84' lang='lat' dir='ltr'>vocamus,</span> <span class='ocrx_word' id='word_1_171' title='bbox 895 2455 1068 2532; x_wconf 76' lang='lat' dir='ltr'>optionem</span> <span class='ocrx_word' id='word_1_172' title='bbox 1090 2445 1183 2530; x_wconf 88' lang='lat' dir='ltr'>facit,</span> <span class='ocrx_word' id='word_1_173' title='bbox 1261 2507 1263 2526; x_wconf 87' lang='grc'>,</span> 
     </span>
     <span class='ocr_line' id='line_1_23' title="bbox 129 2529 1199 2617; baseline 0 -18"><span class='ocrx_word' id='word_1_174' title='bbox 129 2543 245 2613; x_wconf 85' lang='lat' dir='ltr'>utrum</span> <span class='ocrx_word' id='word_1_175' title='bbox 261 2532 345 2613; x_wconf 83' lang='lat' dir='ltr'>hoo,</span> <span class='ocrx_word' id='word_1_176' title='bbox 367 2553 409 2596; x_wconf 91' lang='lat' dir='ltr'>an</span> <span class='ocrx_word' id='word_1_177' title='bbox 429 2530 512 2596; x_wconf 87' lang='lat' dir='ltr'>illud</span> <span class='ocrx_word' id='word_1_178' title='bbox 529 2529 738 2617; x_wconf 85' lang='lat' dir='ltr'>accipiamus.</span> <span class='ocrx_word' id='word_1_179' title='bbox 781 2530 870 2598; x_wconf 87' lang='lat' dir='ltr'>Haec</span> <span class='ocrx_word' id='word_1_180' title='bbox 892 2532 1070 2598; x_wconf 86' lang='lat' dir='ltr'>voluntatis</span> <span class='ocrx_word' id='word_1_181' title='bbox 1084 2536 1199 2599; x_wconf 55' lang='lat' dir='ltr'>notio‘</span> 
     </span>
     <span class='ocr_line' id='line_1_24' title="bbox 126 2613 1182 2706; baseline -0.001 -19"><span class='ocrx_word' id='word_1_182' title='bbox 126 2619 249 2688; x_wconf 88' lang='lat' dir='ltr'>iamin</span> <span class='ocrx_word' id='word_1_183' title='bbox 272 2615 477 2706; x_wconf 83' lang='lat' dir='ltr'>etymologia</span> <span class='ocrx_word' id='word_1_184' title='bbox 497 2615 674 2680; x_wconf 83' lang='lat' dir='ltr'>verborum</span> <span class='ocrx_word' id='word_1_185' title='bbox 698 2613 764 2690; x_wconf 83' lang='lat' dir='ltr'>vel,</span> <span class='ocrx_word' id='word_1_186' title='bbox 789 2615 872 2682; x_wconf 83' lang='lat' dir='ltr'>velle</span> <span class='ocrx_word' id='word_1_187' title='bbox 896 2627 1047 2705; x_wconf 84' lang='lat' dir='ltr'>apparet.</span> <span class='ocrx_word' id='word_1_188' title='bbox 1090 2615 1182 2686; x_wconf 82' lang='lat' dir='ltr'>Neve</span> 
     </span>
     <span class='ocr_line' id='line_1_25' title="bbox 125 2699 1182 2793; baseline 0.001 -22"><span class='ocrx_word' id='word_1_189' title='bbox 125 2705 233 2793; x_wconf 86' lang='lat' dir='ltr'>igitur</span> <span class='ocrx_word' id='word_1_190' title='bbox 247 2711 347 2780; x_wconf 82' lang='lat' dir='ltr'>cavet,</span> <span class='ocrx_word' id='word_1_191' title='bbox 369 2723 411 2767; x_wconf 87' lang='lat' dir='ltr'>ne</span> <span class='ocrx_word' id='word_1_192' title='bbox 426 2724 478 2766; x_wconf 86' lang='lat' dir='ltr'>res</span> <span class='ocrx_word' id='word_1_193' title='bbox 492 2699 568 2778; x_wconf 87' lang='lat' dir='ltr'>fiat,</span> <span class='ocrx_word' id='word_1_194' title='bbox 588 2704 656 2766; x_wconf 81' lang='lat' dir='ltr'>sive</span> <span class='ocrx_word' id='word_1_195' title='bbox 671 2700 758 2766; x_wconf 88' lang='lat' dir='ltr'>hanc</span> <span class='ocrx_word' id='word_1_196' title='bbox 777 2700 845 2766; x_wconf 86' lang='lat' dir='ltr'>sive</span> <span class='ocrx_word' id='word_1_197' title='bbox 862 2702 996 2768; x_wconf 88' lang='lat' dir='ltr'>alteram</span> <span class='ocrx_word' id='word_1_198' title='bbox 1017 2704 1052 2768; x_wconf 90' lang='lat' dir='ltr'>in</span> <span class='ocrx_word' id='word_1_199' title='bbox 1068 2716 1182 2773; x_wconf 89' lang='lat' dir='ltr'>mente</span> 
     </span>
     <span class='ocr_line' id='line_1_26' title="bbox 126 2785 1182 2877; baseline 0.002 -21"><span class='ocrx_word' id='word_1_200' title='bbox 126 2801 187 2857; x_wconf 90' lang='lat' dir='ltr'>aut</span> <span class='ocrx_word' id='word_1_201' title='bbox 214 2788 384 2855; x_wconf 86' lang='lat' dir='ltr'>voluntate</span> <span class='ocrx_word' id='word_1_202' title='bbox 408 2786 540 2854; x_wconf 84' lang='lat' dir='ltr'>habeas.</span> <span class='ocrx_word' id='word_1_203' title='bbox 577 2785 763 2854; x_wconf 79' lang='lat' dir='ltr'>&#39;Differunt</span> <span class='ocrx_word' id='word_1_204' title='bbox 785 2797 894 2854; x_wconf 90' lang='lat' dir='ltr'>autem</span> <span class='ocrx_word' id='word_1_205' title='bbox 917 2812 1023 2877; x_wconf 83' lang='lat' dir='ltr'>neque</span> <span class='ocrx_word' id='word_1_206' title='bbox 1046 2799 1079 2854; x_wconf 91' lang='lat' dir='ltr'>et</span> <span class='ocrx_word' id='word_1_207' title='bbox 1100 2811 1182 2858; x_wconf 75' lang='lat' dir='ltr'>nece</span> 
     </span>
     <span class='ocr_line' id='line_1_27' title="bbox 125 2871 1182 2960; baseline -0.001 -17"><span class='ocrx_word' id='word_1_208' title='bbox 125 2874 319 2959; x_wconf 80' lang='lat' dir='ltr'>nonmodo</span> <span class='ocrx_word' id='word_1_209' title='bbox 336 2895 373 2937; x_wconf 91' lang='lat' dir='ltr'>ea</span> <span class='ocrx_word' id='word_1_210' title='bbox 389 2873 441 2951; x_wconf 82' lang='lat' dir='ltr'>vi,</span> <span class='ocrx_word' id='word_1_211' title='bbox 467 2895 531 2960; x_wconf 81' lang='lat' dir='ltr'>qua</span> <span class='ocrx_word' id='word_1_212' title='bbox 551 2893 587 2936; x_wconf 80' lang='lat' dir='ltr'>oe</span> <span class='ocrx_word' id='word_1_213' title='bbox 605 2871 684 2938; x_wconf 89' lang='lat' dir='ltr'>duas</span> <span class='ocrx_word' id='word_1_214' title='bbox 699 2871 854 2958; x_wconf 86' lang='lat' dir='ltr'>pluresve</span> <span class='ocrx_word' id='word_1_215' title='bbox 868 2896 919 2940; x_wconf 87' lang='lat' dir='ltr'>res</span> <span class='ocrx_word' id='word_1_216' title='bbox 938 2879 1006 2940; x_wconf 87' lang='lat' dir='ltr'>sive</span> <span class='ocrx_word' id='word_1_217' title='bbox 1027 2875 1182 2942; x_wconf 83' lang='lat' dir='ltr'>notiones</span> 
     </span>
     <span class='ocr_line' id='line_1_28' title="bbox 127 2956 1182 3048; baseline -0.002 -18"><span class='ocrx_word' id='word_1_218' title='bbox 127 2962 172 3030; x_wconf 87' lang='lat' dir='ltr'>ad</span> <span class='ocrx_word' id='word_1_219' title='bbox 194 2982 296 3044; x_wconf 83' lang='lat' dir='ltr'>unam</span> <span class='ocrx_word' id='word_1_220' title='bbox 318 2959 487 3024; x_wconf 85' lang='lat' dir='ltr'>rationem</span> <span class='ocrx_word' id='word_1_221' title='bbox 516 2956 634 3023; x_wconf 84' lang='lat' dir='ltr'>relatas</span> <span class='ocrx_word' id='word_1_222' title='bbox 665 2957 855 3045; x_wconf 81' lang='lat' dir='ltr'>distinguit,</span> <span class='ocrx_word' id='word_1_223' title='bbox 893 2973 956 3047; x_wconf 79' lang='lat' dir='ltr'>que</span> <span class='ocrx_word' id='word_1_224' title='bbox 984 2961 1182 3048; x_wconf 85' lang='lat' dir='ltr'>simpliciter</span> 
     </span>
     <span class='ocr_line' id='line_1_29' title="bbox 127 3039 1182 3135; baseline -0.001 -21"><span class='ocrx_word' id='word_1_225' title='bbox 127 3047 325 3114; x_wconf 86' lang='lat' dir='ltr'>coniunctas</span> <span class='ocrx_word' id='word_1_226' title='bbox 341 3043 382 3108; x_wconf 90' lang='lat' dir='ltr'>ad</span> <span class='ocrx_word' id='word_1_227' title='bbox 399 3063 501 3110; x_wconf 85' lang='lat' dir='ltr'>uuam</span> <span class='ocrx_word' id='word_1_228' title='bbox 514 3043 685 3108; x_wconf 75' lang='lat' dir='ltr'>nationem</span> <span class='ocrx_word' id='word_1_229' title='bbox 701 3039 814 3120; x_wconf 70' lang='lat' dir='ltr'>refut,</span> <span class='ocrx_word' id='word_1_230' title='bbox 828 3043 884 3108; x_wconf 89' lang='lat' dir='ltr'>sed</span> <span class='ocrx_word' id='word_1_231' title='bbox 899 3047 998 3111; x_wconf 77' lang='lat' dir='ltr'>etiam</span> <span class='ocrx_word' id='word_1_232' title='bbox 1015 3069 1067 3125; x_wconf 91' lang='lat' dir='ltr'>co,</span> <span class='ocrx_word' id='word_1_233' title='bbox 1088 3047 1182 3135; x_wconf 89' lang='lat' dir='ltr'>quod</span> 
     </span>
     <span class='ocr_line' id='line_1_30' title="bbox 124 3127 1179 3224; baseline 0.005 -26"><span class='ocrx_word' id='word_1_234' title='bbox 124 3133 301 3224; x_wconf 82' lang='lat' dir='ltr'>prosaicae</span> <span class='ocrx_word' id='word_1_235' title='bbox 324 3129 485 3195; x_wconf 81' lang='lat' dir='ltr'>orationis</span> <span class='ocrx_word' id='word_1_236' title='bbox 507 3139 675 3209; x_wconf 70' lang='lat' dir='ltr'>auctores,</span> <span class='ocrx_word' id='word_1_237' title='bbox 696 3127 760 3192; x_wconf 87' lang='lat' dir='ltr'>nisi</span> <span class='ocrx_word' id='word_1_238' title='bbox 783 3129 1011 3200; x_wconf 86' lang='lat' dir='ltr'>aliaconditio</span> <span class='ocrx_word' id='word_1_239' title='bbox 1034 3135 1179 3212; x_wconf 86' lang='lat' dir='ltr'>accessit,</span> 
     </span>
     <span class='ocr_line' id='line_1_31' title="bbox 124 3225 733 3306; baseline -0.016 -18"><span class='ocrx_word' id='word_1_240' title='bbox 124 3241 198 3288; x_wconf 89' lang='lat' dir='ltr'>non</span> <span class='ocrx_word' id='word_1_241' title='bbox 212 3225 414 3306; x_wconf 88' lang='lat' dir='ltr'>usurparunt</span> <span class='ocrx_word' id='word_1_242' title='bbox 430 3236 536 3303; x_wconf 83' lang='lat' dir='ltr'>aeque</span> <span class='ocrx_word' id='word_1_243' title='bbox 550 3235 613 3304; x_wconf 86' lang='lat' dir='ltr'>pro</span> <span class='ocrx_word' id='word_1_244' title='bbox 629 3225 662 3280; x_wconf 85' lang='lat' dir='ltr'>et</span> <span class='ocrx_word' id='word_1_245' title='bbox 680 3235 733 3278; x_wconf 83' lang='lat' dir='ltr'>ne.</span> 
     </span>
    </p>
   </div>
   <div class='ocr_carea' id='block_1_6' title="bbox 195 3331 1183 3646">
    <p class='ocr_par' dir='ltr' id='par_1_6' title="bbox 195 3331 1183 3646">
     <span class='ocr_line' id='line_1_32' title="bbox 232 3331 1183 3413; baseline 0.004 -25"><span class='ocrx_word' id='word_1_246' title='bbox 232 3333 412 3390; x_wconf 67' lang='lat' dir='ltr'>clientilus:</span> <span class='ocrx_word' id='word_1_247' title='bbox 425 3333 531 3388; x_wconf 78' lang='lat' dir='ltr'>erravit</span> <span class='ocrx_word' id='word_1_248' title='bbox 545 3333 657 3388; x_wconf 76' lang='lat' dir='ltr'>contiuo</span> <span class='ocrx_word' id='word_1_249' title='bbox 677 3331 713 3386; x_wconf 87' lang='lat' dir='ltr'>ad</span> <span class='ocrx_word' id='word_1_250' title='bbox 728 3332 843 3387; x_wconf 82' lang='lat' dir='ltr'>Sallust.</span> <span class='ocrx_word' id='word_1_251' title='bbox 860 3334 920 3388; x_wconf 79' lang='lat' dir='ltr'>cat.</span> <span class='ocrx_word' id='word_1_252' title='bbox 935 3331 979 3399; x_wconf 78' lang='grc'>84,</span> <span class='ocrx_word' id='word_1_253' title='bbox 994 3333 1020 3387; x_wconf 74' lang='grc'>2.</span> <span class='ocrx_word' id='word_1_254' title='bbox 1038 3339 1070 3390; x_wconf 82' lang='lat' dir='ltr'>ut</span> <span class='ocrx_word' id='word_1_255' title='bbox 1088 3335 1183 3413; x_wconf 66' lang='lat' dir='ltr'>signi·-</span> 
     </span>
     <span class='ocr_line' id='line_1_33' title="bbox 195 3419 1181 3490; baseline 0.002 -17"><span class='ocrx_word' id='word_1_256' title='bbox 195 3419 352 3474; x_wconf 83' lang='lat' dir='ltr'>llcatlonssn</span> <span class='ocrx_word' id='word_1_257' title='bbox 371 3419 525 3490; x_wconf 83' lang='lat' dir='ltr'>particulae</span> <span class='ocrx_word' id='word_1_258' title='bbox 545 3420 752 3473; x_wconf 83' lang='lat' dir='ltr'>demonstraret.</span> <span class='ocrx_word' id='word_1_259' title='bbox 769 3433 829 3472; x_wconf 81' lang='lat' dir='ltr'>esse</span> <span class='ocrx_word' id='word_1_260' title='bbox 851 3425 878 3472; x_wconf 83' lang='lat' dir='ltr'>et</span> <span class='ocrx_word' id='word_1_261' title='bbox 890 3433 946 3470; x_wconf 74' lang='lat' dir='ltr'>&#39;aee</span> <span class='ocrx_word' id='word_1_262' title='bbox 963 3419 1089 3486; x_wconf 78' lang='lat' dir='ltr'>opinatus</span> <span class='ocrx_word' id='word_1_263' title='bbox 1108 3421 1181 3476; x_wconf 81' lang='lat' dir='ltr'>enlin</span> 
     </span>
     <span class='ocr_line' id='line_1_34' title="bbox 195 3501 1181 3577; baseline 0.006 -20"><span class='ocrx_word' id='word_1_264' title='bbox 195 3505 358 3560; x_wconf 74' lang='lat' dir='ltr'>estfactum</span> <span class='ocrx_word' id='word_1_265' title='bbox 375 3521 437 3558; x_wconf 78' lang='lat' dir='ltr'>cese</span> <span class='ocrx_word' id='word_1_266' title='bbox 450 3521 512 3557; x_wconf 79' lang='lat' dir='ltr'>aeae</span> <span class='ocrx_word' id='word_1_267' title='bbox 526 3521 560 3557; x_wconf 81' lang='lat' dir='ltr'>en</span> <span class='ocrx_word' id='word_1_268' title='bbox 575 3522 655 3574; x_wconf 70' lang='lat' dir='ltr'>aeque</span> <span class='ocrx_word' id='word_1_269' title='bbox 672 3503 762 3558; x_wconf 85' lang='lat' dir='ltr'>eiecta</span> <span class='ocrx_word' id='word_1_270' title='bbox 777 3504 873 3558; x_wconf 76' lang='lat' dir='ltr'>littam</span> <span class='ocrx_word' id='word_1_271' title='bbox 886 3521 917 3574; x_wconf 73' lang='lat' dir='ltr'>a,</span> <span class='ocrx_word' id='word_1_272' title='bbox 937 3501 1054 3574; x_wconf 83' lang='lat' dir='ltr'>ideoque</span> <span class='ocrx_word' id='word_1_273' title='bbox 1074 3504 1181 3577; x_wconf 74' lang='lat' dir='ltr'>agata·</span> 
     </span>
     <span class='ocr_line' id='line_1_35' title="bbox 195 3587 829 3646; baseline 0.002 -3"><span class='ocrx_word' id='word_1_274' title='bbox 195 3603 261 3643; x_wconf 79' lang='lat' dir='ltr'>cure</span> <span class='ocrx_word' id='word_1_275' title='bbox 272 3597 300 3646; x_wconf 74' lang='lat' dir='ltr'>et</span> <span class='ocrx_word' id='word_1_276' title='bbox 311 3607 374 3644; x_wconf 84' lang='lat' dir='ltr'>aaa.</span> <span class='ocrx_word' id='word_1_277' title='bbox 407 3587 463 3644; x_wconf 73' lang='lat' dir='ltr'>sea</span> <span class='ocrx_word' id='word_1_278' title='bbox 477 3587 541 3644; x_wconf 84' lang='lat' dir='ltr'>vide</span> <span class='ocrx_word' id='word_1_279' title='bbox 558 3588 698 3644; x_wconf 77' lang='lat' dir='ltr'>Kaitnium</span> <span class='ocrx_word' id='word_1_280' title='bbox 712 3590 749 3645; x_wconf 88' lang='lat' dir='ltr'>ad</span> <span class='ocrx_word' id='word_1_281' title='bbox 763 3589 829 3645; x_wconf 74' lang='lat' dir='ltr'>nl.</span> 
     </span>
    </p>
   </div>
   <div class='ocr_carea' id='block_1_7' title="bbox 122 3721 1179 3914">
    <p class='ocr_par' dir='ltr' id='par_1_7' title="bbox 122 3721 1179 3914">
     <span class='ocr_line' id='line_1_36' title="bbox 211 3721 1179 3829; baseline -0.002 -21"><span class='ocrx_word' id='word_1_282' title='bbox 211 3747 243 3808; x_wconf 88' lang='lat'>1.</span> <span class='ocrx_word' id='word_1_283' title='bbox 265 3740 422 3828; x_wconf 84' lang='lat' dir='ltr'>Negativa</span> <span class='ocrx_word' id='word_1_284' title='bbox 436 3740 615 3818; x_wconf 84' lang='lat' dir='ltr'>sententia,</span> <span class='ocrx_word' id='word_1_285' title='bbox 640 3762 705 3829; x_wconf 91' lang='lat' dir='ltr'>qua</span> <span class='ocrx_word' id='word_1_286' title='bbox 719 3739 871 3817; x_wconf 85' lang='lat' dir='ltr'>iubetur,</span> <span class='ocrx_word' id='word_1_287' title='bbox 896 3721 1035 3828; x_wconf 84' lang='lat' dir='ltr'>nequid</span> <span class='ocrx_word' id='word_1_288' title='bbox 1055 3737 1099 3804; x_wconf 85' lang='lat' dir='ltr'>sit</span> <span class='ocrx_word' id='word_1_289' title='bbox 1122 3751 1179 3806; x_wconf 90' lang='lat' dir='ltr'>aut</span> 
     </span>
     <span class='ocr_line' id='line_1_37' title="bbox 122 3823 1179 3914; baseline 0.001 -22"><span class='ocrx_word' id='word_1_290' title='bbox 122 3823 202 3906; x_wconf 80' lang='lat' dir='ltr'>fiat,</span> <span class='ocrx_word' id='word_1_291' title='bbox 217 3827 295 3900; x_wconf 11' lang='lat' dir='ltr'>&#39;sive&#39;</span> <span class='ocrx_word' id='word_1_292' title='bbox 308 3829 504 3914; x_wconf 86' lang='lat' dir='ltr'>imperativo</span> <span class='ocrx_word' id='word_1_293' title='bbox 521 3827 589 3892; x_wconf 85' lang='lat' dir='ltr'>sive</span> <span class='ocrx_word' id='word_1_294' title='bbox 605 3829 814 3895; x_wconf 82' lang='lat' dir='ltr'>con&#39;iunotivo</span> <span class='ocrx_word' id='word_1_295' title='bbox 831 3847 1005 3910; x_wconf 84' lang='lat' dir='ltr'>expressa,</span> <span class='ocrx_word' id='word_1_296' title='bbox 1025 3824 1082 3890; x_wconf 90' lang='lat' dir='ltr'>ubi</span> <span class='ocrx_word' id='word_1_297' title='bbox 1097 3824 1179 3893; x_wconf 89' lang='lat' dir='ltr'>duae</span> 
     </span>
    </p>
   </div>
   <div class='ocr_carea' id='block_1_8' title="bbox 120 3909 1298 3999">
    <p class='ocr_par' dir='ltr' id='par_1_8' title="bbox 120 3909 1298 3999">
     <span class='ocr_line' id='line_1_38' title="bbox 120 3909 1298 3999; baseline -0.001 -21"><span class='ocrx_word' id='word_1_298' title='bbox 120 3912 176 3979; x_wconf 82' lang='lat' dir='ltr'>vel</span> <span class='ocrx_word' id='word_1_299' title='bbox 200 3911 313 3999; x_wconf 88' lang='lat' dir='ltr'>plures</span> <span class='ocrx_word' id='word_1_300' title='bbox 338 3933 391 3977; x_wconf 82' lang='lat' dir='ltr'>nes</span> <span class='ocrx_word' id='word_1_301' title='bbox 412 3911 657 3998; x_wconf 86' lang='lat' dir='ltr'>significantur,</span> <span class='ocrx_word' id='word_1_302' title='bbox 678 3913 713 3977; x_wconf 90' lang='lat' dir='ltr'>in</span> <span class='ocrx_word' id='word_1_303' title='bbox 738 3911 842 3977; x_wconf 82' lang='lat' dir='ltr'>altero</span> <span class='ocrx_word' id='word_1_304' title='bbox 869 3909 1040 3990; x_wconf 87' lang='lat' dir='ltr'>membro,</span> <span class='ocrx_word' id='word_1_305' title='bbox 1064 3921 1121 3975; x_wconf 88' lang='lat' dir='ltr'>aut</span> <span class='ocrx_word' id='word_1_306' title='bbox 1143 3915 1178 3977; x_wconf 94' lang='lat' dir='ltr'>in</span> <span class='ocrx_word' id='word_1_307' title='bbox 1295 3941 1298 3950; x_wconf 60' lang='lat'><strong>⁴</strong></span> 
     </span>
    </p>
   </div>
   <div class='ocr_carea' id='block_1_9' title="bbox 119 3995 1178 4260">
    <p class='ocr_par' dir='ltr' id='par_1_9' title="bbox 119 3995 1178 4260">
     <span class='ocr_line' id='line_1_39' title="bbox 120 3995 1178 4086; baseline -0.003 -23"><span class='ocrx_word' id='word_1_308' title='bbox 120 4008 269 4086; x_wconf 86' lang='lat' dir='ltr'>utroque</span> <span class='ocrx_word' id='word_1_309' title='bbox 284 3997 402 4085; x_wconf 83' lang='lat' dir='ltr'>recipit</span> <span class='ocrx_word' id='word_1_310' title='bbox 418 4019 511 4063; x_wconf 80' lang='lat' dir='ltr'>neoc.</span> <span class='ocrx_word' id='word_1_311' title='bbox 554 3995 602 4064; x_wconf 88' lang='lat' dir='ltr'>Ita</span> <span class='ocrx_word' id='word_1_312' title='bbox 618 3997 658 4062; x_wconf 84' lang='lat' dir='ltr'>fit</span> <span class='ocrx_word' id='word_1_313' title='bbox 672 4021 716 4066; x_wconf 87' lang='lat' dir='ltr'>ne</span> <span class='ocrx_word' id='word_1_314' title='bbox 737 4031 781 4048; x_wconf 85' lang='lat'>-</span> <span class='ocrx_word' id='word_1_315' title='bbox 803 4019 884 4063; x_wconf 77' lang='lat' dir='ltr'>neue</span> <span class='ocrx_word' id='word_1_316' title='bbox 898 4021 925 4062; x_wconf 90' lang='lat' dir='ltr'>s.</span> <span class='ocrx_word' id='word_1_317' title='bbox 943 4019 1026 4069; x_wconf 83' lang='lat' dir='ltr'>neu,</span> <span class='ocrx_word' id='word_1_318' title='bbox 1047 4018 1113 4062; x_wconf 83' lang='lat' dir='ltr'>neu</span> <span class='ocrx_word' id='word_1_319' title='bbox 1134 4033 1178 4048; x_wconf 87' lang='lat'><em>-</em></span> 
     </span>
     <span class='ocr_line' id='line_1_40' title="bbox 119 4082 1178 4171; baseline -0.002 -23"><span class='ocrx_word' id='word_1_320' title='bbox 119 4104 201 4148; x_wconf 76' lang='lat' dir='ltr'>neas.</span> <span class='ocrx_word' id='word_1_321' title='bbox 243 4084 308 4150; x_wconf 84' lang='lat' dir='ltr'>Vbi</span> <span class='ocrx_word' id='word_1_322' title='bbox 324 4106 424 4149; x_wconf 82' lang='lat' dir='ltr'>ne-</span> <span class='ocrx_word' id='word_1_323' title='bbox 439 4106 502 4148; x_wconf 85' lang='lat' dir='ltr'>nec</span> <span class='ocrx_word' id='word_1_324' title='bbox 516 4084 584 4148; x_wconf 88' lang='lat' dir='ltr'>sive</span> <span class='ocrx_word' id='word_1_325' title='bbox 599 4105 705 4171; x_wconf 85' lang='lat' dir='ltr'>neque</span> <span class='ocrx_word' id='word_1_326' title='bbox 729 4083 865 4164; x_wconf 88' lang='lat' dir='ltr'>dicitur,</span> <span class='ocrx_word' id='word_1_327' title='bbox 887 4105 957 4148; x_wconf 91' lang='lat' dir='ltr'>non</span> <span class='ocrx_word' id='word_1_328' title='bbox 982 4092 1032 4148; x_wconf 88' lang='lat' dir='ltr'>est</span> <span class='ocrx_word' id='word_1_329' title='bbox 1049 4082 1178 4148; x_wconf 89' lang='lat' dir='ltr'>disiun-</span> 
     </span>
     <span class='ocr_line' id='line_1_41' title="bbox 120 4166 1177 4260; baseline -0.002 -26"><span class='ocrx_word' id='word_1_330' title='bbox 120 4169 203 4253; x_wconf 84' lang='lat' dir='ltr'>ctio,</span> <span class='ocrx_word' id='word_1_331' title='bbox 218 4168 277 4238; x_wconf 84' lang='lat' dir='ltr'>sed</span> <span class='ocrx_word' id='word_1_332' title='bbox 292 4171 477 4239; x_wconf 72' lang='lat' dir='ltr'>annectitur</span> <span class='ocrx_word' id='word_1_333' title='bbox 492 4169 592 4239; x_wconf 81' lang='lat' dir='ltr'>altera</span> <span class='ocrx_word' id='word_1_334' title='bbox 609 4191 686 4260; x_wconf 82' lang='lat' dir='ltr'>pars</span> <span class='ocrx_word' id='word_1_335' title='bbox 701 4172 769 4255; x_wconf 88' lang='lat' dir='ltr'>uni,</span> <span class='ocrx_word' id='word_1_336' title='bbox 791 4191 877 4260; x_wconf 90' lang='lat' dir='ltr'>quae</span> <span class='ocrx_word' id='word_1_337' title='bbox 896 4166 1071 4254; x_wconf 83' lang='lat' dir='ltr'>antecedit,</span> <span class='ocrx_word' id='word_1_338' title='bbox 1094 4187 1177 4234; x_wconf 87' lang='lat' dir='ltr'>con-</span> 
     </span>
    </p>
   </div>
   <div class='ocr_carea' id='block_1_10' title="bbox 0 0 1442 4752">
    <p class='ocr_par' dir='ltr' id='par_1_10' title="bbox 0 0 1442 4752">
     <span class='ocr_line' id='line_1_42' title="bbox 0 0 1442 4752; baseline 0 2"><span class='ocrx_word' id='word_1_339' title='bbox 0 0 1442 4752; x_wconf 95' lang='lat' dir='ltr'> </span> 
     </span>
    </p>
   </div>
  </div>
 </body>
</html>
