2798 4756
740 361 870 433 POST.

272 553 276 560 ·
352 539 468 600 Sallust.
489 533 552 592 cst.
568 533 621 606 43,
629 537 655 590 3.
674 535 738 607 lug.
754 535 798 605 15,
818 535 845 590 ὗ.
865 535 959 591 Tasit-
971 535 1041 590 sno.
1056 531 1101 603 14,
1114 529 1162 589 Μ.
1181 533 1274 591 ovid.
1290 539 1343 593 stes

351 629 395 693 lb,
413 625 475 679 ⁰28.
502 623 562 676 vu.
581 623 676 677 Hace.
696 623 723 688 4,
745 621 808 675 143.

386 728 492 782 Tibull.
508 726 535 790 2,
551 725 577 792 5,
594 725 638 777 19.
656 727 720 777 baec
736 725 806 778 dedit
828 726 930 777 Aeneae
954 730 1043 786 sorter,
1059 727 1207 792 postquam
1233 725 1281 778 itte
1300 743 1342 794 po-

350 823 446 872 reutem
467 813 564 864 dieitur
583 817 609 862 et
624 817 713 876 raptos
731 809 882 860 sustinuisse
902 809 993 861 Lares.
1032 807 1121 860 Recto
1136 807 1271 861 reddidit
1289 811 1360 876 Vos

352 899 429 958 eiust
452 897 578 950 nacbdem
593 895 689 946 erden
710 893 810 959 Vates,
835 895 883 946 soie
896 909 957 945 mun
971 893 1091 958 eresibit,
1108 919 1143 932 —
1173 902 1304 964 enttrug.

274 999 282 1010 ’
385 999 509 1056 Coebad
525 997 581 1050 cte.
599 995 687 1064 Epist.
707 993 734 1061 8,
756 993 782 1060 8,
806 993 832 1046 5.
857 1001 886 1048 at
908 995 1032 1047 Seruilius
1054 1002 1215 1065 postquam,
1245 1004 1278 1048 ut
1295 1013 1342 1047 coe-

350 1096 435 1162 perat,
467 1083 582 1137 omnibus
608 1084 638 1134 io
660 1081 733 1132 rebus
755 1081 886 1132 turbarat.
937 1079 1051 1132 Sallust.
1074 1081 1136 1148 lug.
1163 1080 1211 1145 11,
1236 1079 1264 1132 2.
1283 1089 1341 1150 pest-

347 1192 427 1246 quum
443 1171 482 1222 ilbi
499 1194 533 1206 -
550 1167 619 1219 iustu
635 1165 777 1234 magnifice
790 1168 925 1230 fecerunt,
945 1165 1032 1233 reguli
1049 1166 1078 1217 in
1096 1183 1182 1218 unum
1200 1183 1339 1218 caucasus.

350 1259 413 1315 Lir.
430 1253 474 1318 33,
489 1250 555 1316 s,1.
575 1249 713 1318 Philippus
735 1267 833 1318 quoquc
855 1251 940 1317 primo
961 1265 1030 1313 uere,
1048 1255 1190 1316 postquam
1214 1252 1304 1320 legati
1316 1251 1339 1298 ob

277 1336 281 1344 ⁴
336 1337 435 1398 'Roma
448 1337 516 1391 nibil
528 1335 621 1404 pucati
636 1334 791 1396 retulerant,
817 1334 943 1385 deiectum
963 1351 1009 1400 per
1028 1334 1118 1386 omrsia
1143 1335 1257 1403 oppida
1278 1331 1360 1402 regri*

235 1480 243 1486 .
352 1431 447 1482 babere
464 1421 587 1475 instituit.
619 1417 711 1470 Tacit.
725 1419 794 1470 Anu.
812 1417 838 1482 2,
856 1415 900 1470 65.
938 1415 1012 1472 Hirr.
1028 1417 1055 1483 2,
1074 1417 1119 1472 38.

385 1547 465 1598 caes.
483 1539 518 1592 Β.
538 1537 591 1590 eir.
609 1535 635 1602 3,
653 1535 696 1588 58.
713 1543 852 1605 postquam
866 1553 918 1588 non
932 1537 1008 1588 moda
1024 1536 1154 1608 hordeum
1167 1538 1341 1606 pabulumque

352 1633 472 1687 omnibus
492 1625 552 1677 iocis
572 1625 713 1692 herbaeque
734 1623 857 1685 desectae,
882 1623 926 1673 sed
938 1622 1017 1673 etiam
1029 1622 1141 1686 frondes
1157 1641 1190 1674 er
1214 1625 1341 1674 arboribus

276 1700 279 1707 Ι
350 1715 511 1784 deficiebant,
528 1709 659 1776 corruptis
680 1707 751 1774 equis
772 1708 869 1768 macie,
905 1707 1052 1758 conandum
1074 1706 1125 1759 sibi
1146 1707 1261 1776 aliqssid
1276 1709 1340 1760 Pon·

278 1799 281 1804 ’
349 1803 423 1874 peius
435 1799 467 1849 de
483 1794 614 1862 eruptione
631 1791 794 1844 existimauit.
819 1789 867 1842 ubi
890 1789 1013 1859 Herzog.

385 1903 426 1952 De
441 1894 551 1950 nomine
567 1891 698 1962 temporis
713 1892 874 1961 interposito
902 1891 965 1945 vids
981 1910 1007 1944 n.
1021 1891 1065 1944 11.

385 2003 445 2058 civ.
459 2000 501 2066 25,
519 1998 562 2064 36,
580 1996 606 2050 4.
623 2005 760 2068 postquam
771 2003 825 2050 toto
839 1997 946 2068 agmine
959 2003 1010 2050 tres
1025 1996 1199 2064 imperatores
1225 2013 1286 2050 oum
1300 1997 1340 2050 tn·-

351 2093 397 2144 bus
410 2089 483 2142 iustis
498 2085 647 2140 exercitibus
662 2084 773 2134 oderunt
787 2085 982 2152 apparebatque
996 2097 1091 2149 parum
1113 2080 1200 2132 armis
1216 2111 1257 2120 —
1286 2084 1340 2134 eati·

350 2184 422 2229 turos
443 2189 505 2237 esse,
527 2172 736 2238 circumspectare
750 2173 829 2234 atquc
844 2168 949 2238 agitare
966 2168 1019 2220 dus
1034 2164 1117 2233 eoepit
1133 2169 1189 2221 ete.
1214 2165 1244 2231 5,
1268 2165 1310 2229 39,
1320 2166 1338 2217 1.

348 2267 485 2330 postquam
507 2256 575 2306 nibil
591 2269 700 2320 usquam
722 2251 814 2303 bostite
840 2251 997 2314 cernebatur,
1013 2277 1049 2290 -
1076 2249 1150 2300 baud
1174 2252 1267 2302 multo
1291 2259 1339 2303 ante

350 2344 409 2396 sotis
425 2355 539 2392 occasum
559 2339 594 2390 od
611 2339 699 2388 urbem
721 2334 834 2388 Remum·
854 2336 1013 2402 perueniunt.
1062 2331 1156 2386 Multa
1181 2333 1247 2387 sliu
1265 2333 1338 2387 Fabri

350 2427 387 2481 ud
407 2425 452 2489 21,
470 2421 512 2487 13,
526 2421 551 2476 4.
566 2425 594 2474 et
607 2419 732 2473 Kritzius
747 2417 782 2470 ed
800 2415 914 2471 Sallust.
935 2419 996 2487 lug.
1015 2417 1058 2482 13,
1074 2417 1101 2469 5.

278 2519 282 2530 ’
384 2527 445 2580 Liv.
470 2525 513 2588 30,
539 2522 581 2592 18,
609 2523 636 2576 3.
661 2531 802 2591 postquem
824 2523 893 2574 nibil
917 2522 1114 2585 commovebunt,
1140 2527 1201 2574 tum
1225 2523 1338 2576 Cornelio

352 2613 494 2682 Quintilius
508 2617 559 2662 ete.
581 2609 624 2677 38,
638 2606 681 2671 48,
704 2607 746 2660 12.
769 2616 903 2676 postquam
917 2607 1057 2660 indomitos
1081 2613 1161 2674 utque
1178 2607 1336 2676 implacabi-

350 2704 386 2754 tes
404 2699 554 2760 cernebam,
572 2704 626 2748 tum
647 2694 750 2745 demum
766 2691 792 2742 oi
809 2698 889 2760 atque
910 2693 992 2744 armis
1014 2691 1164 2744 coercendas
1183 2701 1267 2745 ratus
1281 2711 1336 2746 euru

382 2796 637 2862 sucessionem,
655 2793 715 2847 111.
729 2811 794 2846 uam
807 2802 945 2862 postquam
960 2795 1051 2848 baecoe
1063 2795 1140 2848 aedes
1152 2794 1198 2847 ita
1212 2802 1337 2862 erant,ut

348 2887 404 2941 disi
420 2886 475 2950 tibi,
493 2883 614 2935 continuo
630 2887 668 2933 est
684 2879 754 2932 atius
767 2879 842 2931 aedes
858 2886 984 2931 mercatus
996 2879 1052 2930 sibi.

385 3005 465 3056 Caes.
487 3002 518 3054 B.
543 2999 596 3050 eir.
613 2997 639 3063 3,
656 2995 699 3048 63.
713 3003 851 3066 postquem
871 2996 901 3048 id
923 2997 1059 3064 difficilius
1079 2996 1164 3049 cisum
1185 3005 1238 3064 est,
1265 3015 1338 3069 nequ

338 3090 465 3159 ,facultas
476 3085 627 3157 perficiendi
641 3083 764 3146 dabutur,
783 3108 814 3120 -
841 3081 878 3132 ad
893 3080 1041 3150 Pompeium
1057 3083 1239 3136 transierunt.

384 3207 454 3259 Cum
476 3201 612 3264 infinitivo
633 3198 766 3253 historico
790 3197 880 3252 Tacit.
899 3197 968 3250 Anu.
983 3195 1009 3261 3,
1022 3196 1066 3249 26.
1083 3206 1111 3252 ut
1126 3176 1273 3268 postquam
1289 3199 1340 3254 ani

348 3293 500 3362 aequalitas,
517 3299 541 3343 st
556 3307 606 3358 pro
620 3287 747 3379 modestia
759 3301 790 3336 ao
802 3285 901 3353 pudore
915 3283 1067 3342 ambitioct
1088 3282 1126 3336 cis
1145 3284 1296 3338 incedebat.

366 3433 395 3494 4.
423 3427 608 3512 Postquam
625 3443 731 3508 quum
755 3441 887 3506 semper
909 3419 944 3483 in
969 3419 1006 3482 iis
1028 3415 1200 3482 sententiis
1223 3417 1339 3484 locum

284 3515 449 3588 obtineat,
474 3511 591 3598 quibus
608 3531 659 3572 res
678 3529 751 3570 vere
766 3505 870 3570 factae
887 3515 1074 3584 naseuntur,
1098 3504 1168 3568 fieri
1183 3525 1261 3568 non
1279 3531 1340 3593 po-

281 3613 365 3679 test,
383 3609 422 3664 ut
439 3597 578 3660 modum
599 3591 843 3657 coniunctiones
861 3597 937 3674 post
953 3613 987 3655 se
1002 3587 1131 3661 habeut,
1146 3587 1213 3652 nisi
1233 3593 1340 3655 eliens

284 3708 395 3750 caussa
424 3683 564 3746 secedet.
615 3681 800 3759 Quaerere
824 3675 1008 3742 efferuntur
1031 3673 1196 3762 exempla,
1222 3679 1340 3740 omnio

283 3780 360 3834 sunt
392 3791 409 3832 a
439 3767 579 3830 librariis
614 3774 790 3850 corrupto,
837 3783 899 3825 uec
921 3783 958 3826 eu
991 3762 1116 3839 volent,
1150 3760 1188 3824 in
1214 3765 1339 3848 quibus

277 3865 505 3942 posteaquem
517 3871 579 3938 pro
590 3861 829 3935 posteaquem
848 3848 979 3936 legitur.

383 3971 524 4040 Reisigius
540 3971 663 4024 Gramm.
677 3988 703 4038 p.
717 3967 777 4022 535.
793 3969 873 4020 docet
888 3975 1054 4038 posteaquam
1070 3981 1132 4019 eum
1155 3967 1342 4023 coniunctim

349 4056 413 4112 ideo
429 4053 563 4124 componi,
584 4055 655 4122 quod
668 4071 767 4108 ocosse
785 4043 970 4122 intelligitur,
985 4051 1094 4106 etiamsi
1119 4067 1166 4103 res
1188 4060 1260 4107 ueta
1275 4072 1341 4108 nar-

347 4149 434 4197 retur.
474 4141 538 4196 Hoc
563 4141 700 4208 quomodo
722 4139 782 4204 flas,
801 4141 951 4194 verbosum
971 4135 1170 4208 significatione
1192 4153 1253 4193 nou
1277 4159 1339 4210 per-

347 4245 443 4289 verse,
463 4226 703 4280 demonstrandum
720 4225 783 4279 orit.
