2798 4756
321 337 593 424 recuruum.
626 338 951 424 rasurarum,
1095 343 1163 417 646

104 508 348 590 ildacjaerdum
361 518 436 588 est,
452 505 503 572 ire
523 507 606 574 illuc
620 507 732 584 iubete
755 509 883 592 incerte
896 520 993 586 errat
1007 510 1157 594 cuiauis,

99 604 385 692 praeterpropter
398 593 512 658 uitam
537 593 683 660 vivitur.
740 595 804 661 Sed
829 593 1075 684 grammaticus,
1098 599 1156 684 qui
1235 627 1238 634 ’

104 679 265 760 adstabat,
280 702 305 742 st
329 677 553 744 nificationcm
563 680 653 744 verbi
669 701 739 744 nou
755 691 885 768 poterat
903 680 1078 764 declarare,
1092 704 1155 748 nea

105 763 230 832 Gellius
246 703 401 851 cxpiicat.
446 763 589 852 Scaliger
606 764 647 829 de
668 765 780 831 Causa.
803 763 827 832 l.
853 765 877 830 1.
899 789 928 832 c.
956 769 1028 832 157.
1042 787 1154 853 prae-

9 875 17 886 ·
102 860 297 938 terpropter
318 849 435 923 vitam,
455 849 572 936 inquit,
595 849 627 914 id
650 861 716 929 est,
746 853 883 918 vivimus
908 853 964 929 ita,
986 861 1023 916 ut
1039 850 1158 918 videa-¹
1250 892 1253 896 -
1358 937 1361 944 Ι

101 957 183 1002 mur
204 944 344 1022 propter
360 935 488 1022 quidvis
505 938 616 1020 potiuq
642 957 746 1021 quam·
771 947 911 1024 propter
930 938 1043 1002 vitam.
1079 938 1152 1002 Go-

103 1021 381 1088 cleniusObserv.
399 1043 431 1108 p.
450 1023 523 1084 188.
535 1019 703 1108 ὀκρΙίοαῑε
723 1033 862 1110 propter
885 1021 982 1086 aliam
1003 1017 1167 1088 caussam*

102 1107 223 1173 vivitur
239 1121 339 1192 quam
356 1105 399 1170 ob
419 1127 510 1182 eam,
530 1107 629 1172 verrius
644 1109 746 1194 gratia
763 1110 827 1174 vita
841 1107 962 1175 tradita
976 1117 1025 1173 est
1043 1108 1152 1174 nobis.

102 1193 281 1258 Salmasius
299 1191 415 1256 Exere.
430 1191 512 1270 Plin.
528 1213 563 1278 p.
580 1195 653 1258 879.
664 1204 947 1280 praeterpropter
961 1191 1151 1260 absolutum
1270 1210 1272 1220 ·

102 1299 174 1352 asse
188 1287 294 1378 putat,
316 1288 352 1376 ut
366 1276 447 1363 plue
462 1277 594 1358 nauus,
616 1277 874 1372 susquedeque,
894 1289 926 1342 et
940 1277 1152 1344 scribendum

101 1385 178 1430 essa
189 1387 224 1430 su
240 1363 391 1428 Enniano
404 1373 690 1450 praeterpropter
700 1363 778 1428 vita
793 1364 938 1430 vivitur.
971 1363 1049 1464 'Qui
1063 1374 1151 1430 recte

4 1455 9 1468 “
100 1450 172 1514 atie
185 1467 242 1514 sua
260 1469 386 1534 ponere
399 1446 558 1525 nesciant,
574 1469 635 1514 cos
649 1459 926 1537 praeterpropter
939 1471 1057 1516 vivere
1073 1447 1150 1528 dici,

23 1601 27 1607 ,
97 1535 272 1601 interdum
289 1531 355 1598 hoc
376 1533 491 1610 modo,
511 1532 677 1614 interdum
694 1533 760 1598 aiio
779 1533 901 1622 absque
922 1533 988 1600 ulia
1010 1536 1148 1607 ratione,

99 1619 207 1689 modo
234 1619 291 1684 lon
317 1619 365 1684 ius
384 1617 524 1696 abesse,
565 1619 670 1685 modo
696 1619 836 1708 propius
862 1618 903 1684 ab
932 1617 998 1683 hoc
1029 1619 1148 1684 veleb
1209 1665 1210 1668 κ

99 1705 161 1774 illo
195 1643 323 1772 vivendi
347 1704 534 1792 proposito.
592 1701 877 1804 Praeterpropter
897 1704 1148 1792 quinquaginta
1263 1708 1265 1714 ’

100 1815 180 1870 esse,
215 1791 344 1856 circiter
373 1787 620 1938 quinquaqinta,
663 1788 738 1874 plus
765 1811 874 1874 minus
904 1789 1149 1878 quinquaginta.

35 1919 38 1922 -
98 1876 321 1950 schwartzius
344 1875 379 1940 in
403 1874 521 1940 Tursel
538 1875 594 1940 ino
614 1871 711 1938 haece
733 1871 898 1954 „fortasse
914 1875 1043 1962 planius
1061 1875 1149 1940 dicas

101 1974 134 2030 et
148 1961 190 2030 ad
212 1961 408 2028 sententiam
433 1959 533 2024 Ennii
555 1959 844 2038 accommodatius,
874 1959 902 2024 si
918 1962 964 2024 sic
980 1961 1150 2050 interpre-

99 2048 197 2114 teriss
221 2056 277 2110 aut
293 2045 338 2108 cis
356 2047 442 2111 viam
456 2055 564 2118 rectae
577 2045 725 2126 radonis,
745 2056 801 2112 aut
824 2043 910 2110 ultra
929 2044 998 2109 fere
1015 2065 1160 2110 versae-v

99 2143 156 2201 tur
171 2131 336 2196 homiues.
378 2129 617 2204 Errarepuim
634 2140 765 2196 estnon
784 2129 933 2196 insistere
948 2140 1071 2195 certam
1086 2131 1150 2195 tri-

98 2228 235 2304 tamque
252 2218 349 2282 viam.
391 2216 530 2280 Animus
554 2217 666 2301 igitur,
689 2217 747 2302 qui
762 2215 890 2282 incerte
905 2225 1018 2296 errat,
1045 2215 1150 2280 disce-

100 2303 149 2370 dit
166 2328 184 2368 a
206 2304 258 2368 via
273 2311 306 2366 et
321 2299 374 2366 vel
388 2300 469 2364 citra
485 2321 558 2366 cam
577 2300 698 2388 abripit
713 2300 884 2380 hominem
901 2299 950 2365 vel
967 2299 1086 2366 ultra.“
1112 2299 1149 2364 Si

99 2389 136 2456 in
155 2387 253 2454 Ennii
268 2385 355 2452 libro
372 2385 479 2450 citam
492 2387 652 2474 scriptum
676 2397 764 2466 erat,
797 2395 921 2450 veteres
942 2384 1149 2472 grammatici

102 2473 268 2540 dubitasse
293 2471 456 2548 videntur,
478 2492 560 2556 num
570 2482 713 2558 praeter
733 2493 797 2558 pro
821 2471 1067 2558 praepositione
1092 2492 1148 2536 ac·
1192 2479 1195 2486 '

101 2560 168 2648 cipi
190 2558 342 2638 deberet,
367 2567 404 2620 ut
420 2566 522 2620 esset:
539 2568 682 2644 praeter
693 2556 989 2644 propterfaitam,
1018 2577 1058 2620 an
1085 2556 1150 2620 du·
1179 2550 1182 2558 ’

126 2641 279 2710 lex‘esset
297 2642 497 2732 praepositio
521 2643 664 2742 praeter
678 2642 792 2707 vitam
815 2653 848 2706 et
867 2653 1010 2728 propter
1027 2641 1150 2706 vitam.

100 2667 143 2795 dt
164 2729 292 2817 scripsit
307 2725 362 2792 ille
378 2738 476 2816 poeta
491 2739 580 2792 orta.
623 2727 854 2815 Tumxpruete
898 2737 1013 2814 raptor
1033 2726 1149 2790 adma-v

101 2812 232 2880 bialiter
266 2811 385 2878 dicitur
416 2812 457 2878 de
477 2827 517 2876 're
548 2835 619 2878 non
647 2823 796 2878 accurate
828 2813 868 2876 de
894 2811 1028 2890 cienda,
1066 2829 1150 2897 quae

100 2901 204 2967 modo
221 2899 367 2978 excedat,
390 2898 495 2962 modo
512 2899 553 2962 ad
569 2899 711 2986 aliquem
727 2899 905 2962 terminum
923 2896 1062 2961 accedat.
1088 2899 1150 2960 Ata

102 3007 167 3076 que
182 2985 248 3050 hoe
270 2983 366 3050 etiam
389 2985 429 3048 de
444 3005 584 3048 numero
609 3007 678 3049 non
703 2983 886 3048 distinctius
909 2981 1107 3047 definiendo.

186 3105 218 3188 *)
241 3104 386 3169 Praeter
400 3113 433 3168 et
470 3114 586 3190 rapter
599 3125 695 3192 saepe
707 3111 908 3170 commutata
922 3112 999 3168 sunt
1013 3125 1031 3168 a
1048 3099 1150 3167 libra-

102 3190 172 3260 riis.
195 3189 268 3258 vide
285 3189 415 3256 Lucret.
457 3227 468 3272 5
493 3191 565 3256 142.
1128 3221 1130 3226 ·

58 3466 60 3480 '
167 3475 575 3610 satureum.
633 3469 1087 3614 susurrante.
1216 3605 1220 3612 ι

172 3671 361 3740 Praetereo
375 3657 444 3737 non
461 3692 530 3737 esse
543 3680 683 3758 praeter
694 3647 740 3734 ed
751 3667 887 3734 ultimae
900 3667 1044 3758 syllabae
1056 3687 1153 3730 men-

103 3774 180 3825 sura
197 3769 229 3823 et
254 3759 412 3826 vocabula
432 3758 575 3822 eiusdem
600 3754 728 3820 formae
742 3767 865 3834 autea,
893 3766 1018 3842 posteo
1037 3762 1153 3818 osten-

105 3843 199 3912 dunt.
243 3845 354 3926 Quare
368 3843 451 3908 nihil
468 3841 619 3928 impedit,
632 3843 805 3926 quominus
822 3844 919 3906 etiam
936 3841 976 3904 de
989 3859 1057 3903 una
1071 3859 1154 3926 per-

104 3953 188 3996 sona
203 3931 254 3995 vel
271 3931 310 3995 de
333 3951 448 3994 unare
463 3937 539 4010 ante
555 3927 724 3991 nominata
747 3927 883 3992 dicatur.
928 3926 1014 3990 Nam
1038 3927 1087 3989 aa
1103 3931 1154 3988 est

106 4015 305 4094 curatione,
336 4037 376 4080 eo
400 4023 569 4101 respectu:
601 4034 669 4100 quo
685 4013 769 4077 nihil
785 4005 1099 4098 significaturquum
1117 4017 1156 4072 ut

105 4099 148 4166 ad
176 4101 321 4190 aliquam
349 4122 421 4166 rem
450 4100 584 4185 eiusque
620 4098 784 4164 rationem
807 4099 1031 4186 respiciamus.
1068 4092 1154 4160 ‚Alio

106 4186 212 4254 modo
238 4187 396 4255 Germani
416 4185 600 4273 loquuntur
626 4183 840 4264 ausserdem,
867 4181 1041 4260 dberdiea:
1067 4178 1156 4252 idem

157 4288 214 4356 lv.
908 4285 949 4350 85
