2860 4756
994 331 1287 406 aea‘

128 518 208 576 sunt
227 505 365 590 Cicero,
388 503 528 582 Caesar,
554 505 742 594 Cornelius.
785 497 899 590 Quare
922 525 993 570 non
1009 505 1130 574 dicitur
1149 509 1190 584 ab

127 594 181 660 hia
200 591 337 681 quidem
358 590 576 678 scriptoribus
594 591 801 682 namqae'in
826 593 1061 680 occupatione,
1084 617 1193 696 nequa
1215 669 1218 672 ,

128 682 164 746 in
179 677 463 765 interrogationes
487 676 545 742 sed
560 691 740 767 usurpatur
763 678 800 744 in
824 679 1052 766 expositione,
1078 680 1114 746 in
1135 705 1192 748 rn-

127 763 284 854 cipienda
305 763 495 828 narratione
512 765 694 852 praemisso
710 763 944 853 prologio,jn
963 767 1192 854 comprobata·
1259 813 1260 816 =

127 854 169 917 da
185 873 239 927 re,
262 854 297 916 in
310 848 530 938 parenthesi,
551 851 586 916 in
601 847 834 916 affirmatione.
879 849 943 913 Sed
960 851 994 914 in
1010 851 1060 916 his
1079 854 1193 920 omni-

125 939 194 1003 bus
209 935 408 1002 dictionibus
425 932 537 1000 Livius
555 946 587 1002 el
606 937 836 1018 Quintilianus
847 938 1095 1003 etrecentiores
1107 940 1193 1004 scri-

126 1035 244 1112 ptores
262 1021 457 1110 particulam
478 1023 576 1086 etiam
593 1019 736 1088 secundo
750 1022 829 1089 loco
844 1033 1090 1108 pomeranam
1107 1047 1192 1110 poe-

11 1147 13 1166 .
125 1123 181 1174 tac
205 1109 362 1174 liberiore
386 1107 563 1172 usuetiam
591 1111 626 1172 in
649 1108 759 1176 media
782 1107 945 1174 oratione.
987 1107 1053 1173 Vd.
1078 1111 1193 1200 virgil.

123 1201 210 1261 Aen.
231 1199 289 1274 10,
311 1187 384 1259 614.
408 1249 409 1254 ,
429 1191 572 1276 Quavis
595 1193 651 1260 illa
676 1193 827 1268 nectendi
850 1192 1012 1259 minuitur
1034 1207 1100 1260 aar
1114 1219 1193 1262 eva-

124 1282 245 1347 nescit.
299 1279 496 1366 Comparari
528 1291 671 1368 possunt
691 1281 822 1348 etenim
848 1290 880 1344 et
905 1279 956 1344 aul
980 1277 1045 1366 γάρ.
1098 1283 1193 1363 Quae

123 1369 255 1432 Hartun
282 1365 330 1430 ius
358 1365 477 1430 Partic.
502 1387 608 1454 graec.
640 1366 684 1432 T.
713 1375 743 1434 1.
768 1389 804 1454 p.
829 1369 903 1432 488.
933 1365 973 1429 de
1004 1367 1194 1436 discrimine

123 1389 368 1542 particularum
400 1473 485 1514 acm
514 1461 546 1535 ct
570 1475 728 1540 namque.
748 1452 797 1517 dis
824 1461 913 1526 utat,
942 1451 1073 1516 subtilia
1103 1465 1194 1538 suut,

98 1561 195 1604 ‘non
223 1559 310 1601 vera.
360 1535 447 1600 Nam
478 1537 653 1620 locorum,
684 1542 721 1603 in
748 1475 974 1626 quibusnam
1004 1535 1194 1609 affirmandi

124 1621 403 1712 significationem
421 1621 540 1703 habet,
567 1645 637 1688 non
658 1625 771 1688 minor
785 1634 836 1694 cst
855 1643 1026 1688 numerus.
1186 1643 1187 1649 ¹

126 1735 130 1743 ’
180 1759 182 1770 ’
235 1740 338 1812 Scripti
356 1740 422 1796 libri
439 1725 489 1795 ribi
506 1749 652 1812 utramque
669 1744 802 1798 exhibent
817 1745 952 1826 formam,
971 1724 1194 1800 difficiliorem-

197 1847 250 1900 per
265 1835 307 1882 cat
324 1827 407 1896 aptio.
442 1828 486 1882 Cf.
503 1829 593 1883 Tacit.
608 1829 682 1884 Hist.
697 1828 733 1894 3,
750 1827 795 1882 42.

234 1930 399 2000 Quintiae,
415 1927 447 1997 9,
463 1929 490 1984 3.
510 1950 578 2001 quac
591 1950 706 2002 namquo
721 1939 761 1988 cat
781 1930 914 2002 caucella,
931 1931 962 1983 ἔτι
985 1947 1038 1999 qao
1058 1918 1109 1986 aaa
1130 1951 1198 2004 pro-¹

196 2020 301 2103 mittere
315 2017 397 2086 possit
417 2023 521 2080 orator,
546 2016 608 2084 qaid
621 2019 724 2087 primo,
742 2017 806 2087 qaid
826 2015 954 2080 racundo,
972 2003 1036 2084 qaid
1049 2018 1137 2081 „tertio
1158 2019 1195 2074 οὔ
1289 2067 1292 2074 .

123 2095 129 2102 ’
195 2105 252 2174 loco
269 2101 409 2155 dicturas?
429 2097 529 2154 Mirari
544 2100 626 2166 licat,
644 2101 716 2169 quad
734 2099 912 2172 Spaldingina
927 2099 1047 2171 Regium
1063 2109 1194 2172 sequntur
1304 2145 1307 2153 „

194 2188 241 2243 sit.
278 2186 404 2266 ecdicos
417 2191 466 2242 aut
487 2185 615 2240 omittunt
635 2204 764 2261 namque,
786 2191 835 2240 aut
857 2185 961 2240 habeat
983 2203 1049 2256 qaae
1067 2195 1104 2243 cat
1125 2190 1194 2272 aptita

194 2273 324 2344 ᾳιιιιεεὶίο.Χ
413 2323 415 2332 ,
1043 2286 1047 2302 ‘
1086 2291 1087 2296 ¹
1122 2287 1128 2295 ’

209 2423 249 2488 ln
278 2421 613 2511 oratione'proaaica
643 2419 802 2512 particula
824 2445 926 2500 nam,
956 2419 1039 2504 nisi,
1074 2430 1112 2488 ut
1137 2421 1195 2487 in-

121 2509 388 2598 terrogationem
437 2510 624 2596 exprimat,
666 2509 848 2574 encliticam
885 2507 1035 2584 formam
1074 2507 1193 2586 induit,

122 2594 418 2684 semperobtinet
446 2597 596 2684 primum
629 2595 864 2661 enuntiationis
896 2595 1022 2660 locum.
1075 2595 1196 2664 Poetae

121 2693 235 2748 autem
261 2684 336 2768 post
359 2681 506 2766 primum
530 2682 754 2746 secundumve
770 2681 969 2746 vccabulum
995 2701 1067 2744 eam
1084 2679 1195 2750 locare

121 2765 292 2834 solebant,
330 2765 381 2830 Dc
401 2789 548 2855 namque
566 2769 754 2856 postposito
774 2767 877 2832 modo
895 2764 1052 2833 diximus'·
1268 2765 1270 2772 ⁴

227 2885 320 2940 Plaut.
334 2885 397 2938 Mil.
414 2885 450 2952 4,
467 2885 501 2951 9,
519 2885 546 2938 2.
565 2905 616 2957 cgo
636 2905 698 2940 nom
714 2889 865 2942 conveniam
886 2887 975 2940 illunc.
1010 2885 1054 2939 lla
1077 2884 1194 2940 cadim.

190 2971 293 3025 Horat.
313 2970 373 3024 Sat.
389 2971 422 3039 2,
441 2971 476 3037 ὅ,
491 2969 540 3041 120.
568 2971 632 3024 alim
652 2989 715 3024 acm
738 2989 861 3042 quamam
881 2973 1014 3026 amabam.
1048 2971 1082 3036 2,
1098 2972 1132 3038 8,
1149 2966 1194 3025 41.

186 3054 293 3194 {pptz
294 3055 362 3194 2361
371 3052 457 3194 ,ΊΙΒΘᾶ
499 3054 601 3125 vagit,
616 3055 684 3111 Aea.
702 3057 738 3123 ὃ,
754 3055 818 3146 bill.
848 3055 884 3108 cl.
898 3055 1019 3111 Bentlei.
1040 3057 1076 3112 ad
1096 3059 1195 3112 Horat.

248 3175 255 3192 .
300 3179 309 3208 ‚
357 3179 366 3206 ‚
420 3175 428 3192 .

206 3305 456 3394 Significatione
482 3331 542 3376 sua
567 3333 653 3388 nam
679 3311 862 3400 respondet
881 3313 1072 3399 germanico
1097 3335 1195 3378 acm-
1292 3353 1294 3358 -

121 3392 209 3472 licia,
231 3393 399 3482 habetque
416 3397 483 3462 vim
502 3396 709 3486 designandi.
757 3397 819 3463 Vbi
836 3401 925 3478 enim
942 3423 995 3466 rea
1012 3399 1120 3484 aliqua
1136 3421 1194 3464 ac·

123 3479 268 3559 curatius
290 3479 475 3547 definienda
502 3493 569 3559 est,
592 3484 645 3564 id,
694 3505 736 3548 uo
753 3505 790 3548 ea
808 3495 956 3564 constat,
980 3495 1047 3550 aut'
1076 3483 1143 3548 uod
1159 3486 1195 3550 in

122 3585 158 3628 ea
175 3586 294 3630 verum
310 3577 378 3646 eat,
403 3567 455 3633 vel
471 3567 532 3632 alia
554 3589 610 3650 re,
634 3507 691 3633 vel
705 3570 816 3656 aliquo
837 3583 1038 3656 argumento.
1052 3509 1196 3634 deman·
1213 3607 1216 3612 ,

119 3659 247 3734 stratur
264 3661 364 3742 atque
380 3647 605 3723 confirmatur.
637 3655 724 3736 Sunt
740 3677 820 3720 vero
840 3659 1021 3722 sententiae
1038 3677 1196 3744 pernam

11 3775 14 3784 ι
120 3735 351 3825 adiungendae
367 3739 509 3827 triplicis
548 3741 667 3820 eneris,
684 3741 916 3828 expositionis,
939 3741 1195 3830 comprobatio-

120 3823 199 3902 nis,
221 3825 483 3890 asseverationla.
525 3761 745 3914 {repositione
762 3826 997 3915 intelligimus,
1021 3827 1125 3915 qualis
1149 3829 1194 3891 ait

119 3927 195 3972 resa
222 3910 503 3996 comprobatione
528 3913 781 4000 cognoscimus,
807 3914 894 3978 unde
919 3923 1039 4002 etqua
1065 3915 1195 3978 ratione

119 3989 177 4058 fiat
195 4004 251 4059 aut
275 3993 363 4061 facta
390 3997 450 4062 ait:
472 4000 715 4064 asseveratione
737 3999 1006 4081 demonstratur,
1039 4021 1113 4064 eam
1136 4020 1196 4064 ve·

118 4099 193 4144 ram
220 4091 304 4170 esse.
348 4066 376 4146 li
401 4093 532 4162 autem,
547 4085 612 4172 qui
633 4099 718 4150 nam
735 4083 859 4172 ubique
881 4109 943 4174 per
963 4085 1072 4164 dean,
1102 4083 1194 4172 quod
1213 4119 1231 4171 4

121 4185 273 4258 caussam
299 4167 443 4256 iudicat,
472 4169 612 4240 reddere
656 4170 786 4258 solent,¹
810 4171 859 4299 inc
872 4171 987 4240 multia
1014 4179 1193 4258 coguntur,
