2798 4756
572 295 775 381 PERINDE.
1127 307 1192 374 458

129 467 255 556 positio
284 467 319 534 ln
341 465 412 534 istis
434 466 593 534 'formulis
617 469 758 548 obtinet,
791 491 863 536 non
885 480 1015 540 tantum
1030 473 1128 560 valet,
1150 487 1190 546 ut

129 553 325 622 adverbium
340 577 403 644 per
416 577 452 620 aa
467 554 649 642 significare
666 557 773 646 possit
784 579 853 644 pro
874 580 912 623 re
930 575 1030 628 nota.

214 681 310 764 Quae
334 704 438 770 quum
460 684 505 748 ita
525 681 592 747 sint
616 693 650 748 et
671 683 706 748 in
729 684 768 750 iio
788 683 888 766 loeis,
913 685 949 750 in
974 683 1093 772 quibus
1107 683 1186 751 libri

126 765 245 854 scripti
259 768 357 834 nobis
375 769 501 855 cogniti
521 789 619 834 unam
637 771 837 858 scripturam
861 769 1033 852 exhibent,
1064 792 1204 836 veren-.

127 852 209 918 dum
227 855 279 934 sit,
301 877 343 920 ne
359 855 394 918 in
417 853 489 920 aliis
519 854 696 940 aliquando
722 846 848 920 diversa
872 867 1041 944 appareat,
1066 867 1185 922 tenen·
1239 911 1245 920 .

127 939 208 1004 dum
227 939 358 1006 videtur
373 939 419 1023 id,
434 938 526 1028 quod
542 941 621 1028 ipsis
638 941 805 1006 vocabulis
821 943 973 1008 innatum
997 951 1056 1011 est.
1083 943 1184 1024 Iade,

126 1025 217 1114 quod
236 1025 397 1115 ‘signifieat
419 1051 460 1092 err
482 1025 544 1090 illo
565 1025 639 1092 loco
662 1027 700 1092 ιἰι
721 1028 812 1092 linae
841 1027 971 1109 locum,
995 1053 1036 1094 ex
1060 1027 1125 1096 illa
1145 1052 1184 1096 re

123 1113 165 1182 io
189 1113 280 1177 laone
297 1111 449 1200 (delier),
471 1113 645 1199 quomodo
666 1111 725 1178 fiat
743 1124 778 1176 ut
794 1113 836 1177 sit
853 1138 892 1180 eo
914 1114 1029 1196 modo,
1054 1138 1097 1180 ea
1124 1137 1183 1180 ro-

125 1199 230 1277 tiana,
252 1199 445 1286 expositum
469 1197 543 1263 vide
568 1197 670 1264 Tom.
694 1205 725 1264 8.
751 1223 785 1287 p.
814 1203 888 1265 366.
938 1201 1073 1266 Accedit
1099 1223 1182 1288 pro,

125 1284 218 1377 quod
243 1306 460 1374 progressum
491 1283 632 1375 indicat:
668 1285 756 1349 unde
779 1283 906 1350 exsistit
954 1286 1064 1352 lenior
1085 1288 1180 1352 notio

117 1392 263 1462 prorsus
285 1370 378 1452 inde,
397 1369 679 1457 gerudezu(lrira),
707 1370 758 1437 vel
780 1381 816 1434 ut
833 1309 995 1458 quaedim
1011 1373 1182 1460 germani·
1216 1415 1221 1430 ·

123 1477 181 1522 cae
197 1465 309 1542 gentes
320 1456 508 1544 loquuntur
519 1453 642 1532 atroci,
658 1465 690 1520 et
701 1456 838 1544 gerarde
854 1481 903 1522 eo.
925 1457 1056 1524 Eodem
1074 1460 1179 1524 modo

123 1543 356 1628 compositum
393 1551 442 1606 est
467 1538 663 1606 vocabulum
682 1555 801 1630 prout.
848 1541 919 1608 lam
943 1565 1022 1609 vero
1046 1543 1180 1611 uthai'o

121 1627 257 1696 notioni·
277 1627 387 1692 maior
409 1627 455 1692 vis
481 1626 686 1705 adficeretur,
709 1629 868 1694 idoneum
890 1630 1087 1696 vocabulum
1109 1641 1180 1696 erat

118 1736 194 1802 per,
216 1713 304 1800 quod
321 1724 428 1788 ¹totam
448 1735 520 1777 rem
542 1713 795 1800 complectitur:
819 1715 860 1779 de
880 1737 948 1801 quo
967 1717 1040 1782 vide
1057 1717 1178 1806 puta.

122 1803 238 1882 Quare
255 1795 441 1864 'dicendum
464 1797 580 1864 fuisset
602 1799 830 1886 perproincle‚
862 1801 952 1888 quod
975 1815 1060 1868 esset
1080 1827 1179 1893 gorza

117 1883 256 1974 gero-de
279 1907 338 1948 ao.-
365 1884 421 1949 sed
445 1884 598 1948 dixerunt
618 1884 776 1972 perinde.
826 1887 901 1952 Hoo
923 1887 1024 1974 igitur
1046 1893 1177 1978 gravius

120 1981 173 2038 eat
188 1969 398 2053 vocabulum,
416 1969 567 2058 proinde
587 1971 710 2036 leuius.

205 2113 359 2180 Proinde
375 2111 414 2178 ab
430 2113 479 2188 ori
506 2114 558 2179 ine
580 2124 629 2178 est
650 2111 820 2199 antiquior
832 2111 955 2193 forma,
975 2135 1038 2178 nee
1050 2113 1176 2178 mirum

117 2199 224 2268 videri
239 2209 365 2288 potest,
389 2137 663 2286 signilieationem
679 2200 872 2286 primariam
888 2200 922 2265 in
935 2195 1107 2286 ‘exemplis
1123 2201 1184 2264 ress

119 2287 278 2352 eentioris
304 2287 417 2350 aetatis
441 2308 619 2372 apparere:
650 2285 684 2351 id
709 2285 798 2374 quod
820 2287 855 2350 in
879 2286 992 2350 multis
1009 2285 1176 2350 vocabulis

118 2371 338 2437 factumest.
389 2371 524 2458 Duplex
544 2383 655 2436 autem
682 2383 730 2436 est
752 2371 855 2450 ratio,
912 2393 952 2436 ua
974 2371 1057 2436 inde
1081 2371 1176 2436 vela

118 2455 197 2522 loeo
221 2456 442 2545 (geradelrin)
466 2456 515 2520 vel
533 2480 550 2521 a
571 2459 673 2522 modo
697 2456 843 2545 (gerarde
858 2395 912 2544 adl
934 2457 1063 2522 dieitur.
1089 2457 1175 2538 Per·

117 2544 201 2610 inde
225 2543 310 2608 nihil
334 2541 445 2608 differt
469 2542 534 2643 uisi
552 2554 650 2636 aucta
670 2547 820 2610 notione.

203 2672 261 2737 Hie
279 2669 395 2758 positis
412 2669 584 2744 habemus,
599 2687 666 2756 quo
682 2665 871 2736 universum
890 2669 1012 2735 horum
1027 2668 1175 2735 voeabu-

116 2753 229 2822 lorum
247 2779 345 2822 usum
363 2757 581 2846 explicemus.
625 2754 812 2843 Vtrumque
837 2757 938 2844 igitur
960 2757 1044 2844 poni
1065 2765 1174 2843 potent

116 2841 152 2908 iu
169 2843 355 2930 aequalium
371 2863 482 2909 rerum
498 2839 759 2925 comparatione,
782 2865 842 2908 neo
866 2843 1009 2908 multum
1034 2843 1175 2906 interest

116 2950 225 3018 saepe,
248 2930 304 2994 ubi
324 2929 511 3017 discrepant
527 2925 615 3000 libri,
637 2935 749 2991 utrum
768 2929 945 3014 eligamus:
970 2938 1004 2992 at
1021 2950 1091 2992 non
1110 2950 1175 3013 po·

115 3025 181 3080 test
189 3015 340 3104 periodo
354 3013 435 3092 diei,
449 3013 512 3078 'ubi
526 3009 749 3078 similitudinis
769 3015 912 3102 speeiem
938 3033 1175 3100 comparamus

116 3110 169 3184 et,
202 3103 292 3189 quod
315 3123 413 3189 saepe
440 3099 490 3180 fit,
511 3120 588 3162 eum
617 3097 724 3164 ironia
748 3099 938 3188 loquimur,
970 3122 1031 3164 neo
1051 3099 1110 3164 ubi
1133 3097 1175 3162 ad

32 3219 35 3224 ·
116 3189 346 3254 evocationem
362 3185 414 3250 vel
431 3185 471 3250 ad
489 3183 757 3252 exhortationem
789 3185 972 3252 adiicienda
999 3195 1048 3250 est
1071 3189 1176 3270 porti·

113 3274 207 3339 cula:
237 3272 519 3361 consequutionia·
538 3281 652 3336 ¹autem
683 3273 799 3352 notio,
837 3293 936 3358 quam
968 3271 1175 3358 grammatici

115 3361 274 3424 vocabulo
293 3357 443 3446 proinde
471 3355 642 3434 tribuunt,
672 3357 764 3441 quasi
785 3357 827 3420 sit
849 3357 971 3443 igitur,
994 3355 1073 3420 ideo
1093 3356 1174 3441 (vid.

114 3445 317 3513 Ramshora.
335 3447 485 3509 Gramm.
505 3465 538 3528 p.
556 3446 630 3506 877.
650 3440 822 3506 Heindorfi
848 3443 889 3506 ad
911 3442 977 3507 Cio.
995 3441 1035 3506 de
1048 3443 1122 3506 Nat.
1141 3441 1174 3510 d.

114 3535 147 3608 2,
163 3535 217 3610 88,
233 3535 287 3602 96.
311 3530 444 3618 Reisigii
463 3529 613 3593 Gramm.
629 3550 663 3612 p.
683 3529 770 3606 427.)
782 3528 822 3590 ab
837 3527 974 3612 antiquo
994 3549 1054 3592 usu
1070 3550 1174 3612 pror-

114 3639 170 3682 sus
198 3617 313 3692 aliena,
336 3637 378 3680 ne
404 3619 438 3680 in
462 3615 501 3678 iis
525 3613 680 3699 quidem,
702 3613 823 3700 quibus
844 3614 987 3698 aliquem
1011 3613 1175 3678 adhorta-

2 3745 6 3750 ·
61 3773 65 3782 ,
113 3725 204 3782 mur,
230 3701 432 3788 explicandis
451 3701 572 3764 iustum
589 3698 699 3775 locum
716 3696 1022 3765 obtinet.'Gloseae
1063 3721 1178 3764 raeeae

114 3797 314 3877 comparant
329 3787 553 3870 παραπλησίως,
569 3782 697 3866 duotore:
718 3785 774 3848 sed
792 3785 902 3850 latinis
920 3723 1086 3849 vocabulis
1104 3807 1176 3851 non

112 3884 183 3942 tam
201 3873 522 3958 similitudosquam
539 3871 660 3950 modus
674 3871 897 3938 similitudinis
917 3872 1092 3937 indicator.
1142 3879 1146 3886 '

147 4031 154 4040 -
216 4003 324 4057 Paulas
340 4017 357 4054 o
374 3998 450 4053 resti
463 3997 556 4051 libro:
574 4000 666 4054 deiude
681 4001 852 4070 compositum
874 4007 913 4056 ert
929 4019 960 4054 ea
979 3999 1178 4071 praepositione

179 4089 273 4170 ettad
287 4086 492 4158 atgatflmttone,
508 4091 536 4138 at
557 4086 668 4156 miodo,
690 4085 807 4160 periodo,
823 4087 942 4160 proinde,
967 4084 1086 4152 attide,
1110 4100 1179 4153 quaa
