2798 4756
269 325 336 399 eet
671 319 897 392 ,uenum

266 499 326 580 23,
341 497 447 574 2⁸4&
473 492 548 570 “biit
564 487 801 570 penitentium
817 499 897 556 nette
914 489 1107 578 particulae,
1131 493 1232 579 quun
1251 492 1361 579 signi-

269 580 345 646 fieat
360 603 501 668 proruere
524 604 564 646 ea
582 579 694 656 moda,
716 579 772 643 sed
791 601 835 642 ex
851 577 980 642 ratione
999 599 1117 644 eorum
1128 627 1138 660 ,
1165 601 1269 666 qaue
1286 592 1360 642 unte

265 667 475 746 dictasunt,
499 665 619 732 eodem
635 665 748 730 mode.
777 661 1059 750 frequentissime
1081 676 1165 729 eunt:
1191 667 1359 753 exemplu

270 753 454 820 verborum
473 753 570 816 leand
582 751 742 839 perinde,
769 775 837 816 non
853 749 1014 838 perinde.

270 893 276 930 τ
373 879 433 936 (tto.
442 877 477 932 te
489 879 550 936 rin.
566 881 595 946 1,
609 881 655 946 21,
669 879 713 935 12.
734 897 779 936 eae
793 851 859 949 ergb
875 888 943 932 arne
953 885 1157 948 prosequeretur,
1176 879 1305 932 vivendi
1317 896 1358 930 or-

337 975 391 1022 iem
410 973 516 1023 tuition
532 975 638 1038 ianque
654 984 790 1036 operosam
803 973 827 1017 el
841 967 950 1034 perinde
965 969 1134 1030 fructuosum
1159 964 1358 1032 relinqueret?

271 1111 278 1128 ι
341 1051 361 1106 ἰ.
379 1068 403 1106 e.
424 1056 454 1117 ui
471 1066 627 1120 operosam.
652 1051 765 1118 Sallust.
790 1051 863 1118 apud
884 1047 1041 1115 Quintilii,
1058 1049 1083 1112 3,
1101 1046 1145 1102 82.
1165 1051 1358 1103 Mithridaten

341 1157 448 1207 corpore
467 1139 569 1207 ingene,
586 1139 695 1208 perinde
722 1145 849 1189 armatus.
874 1136 949 1188 Flor.
967 1136 991 1199 1,
1010 1135 1053 1199 13,
1071 1134 1097 1186 4.

269 1289 273 1300 .
374 1239 435 1296 hir.
454 1240 480 1310 3,
496 1239 539 1302 44,
557 1239 581 1292 io
602 1247 683 1309 paler
699 1240 814 1308 virginis
830 1241 860 1292 L.
879 1241 1016 1310 Virginiue
1031 1241 1163 1292 beneelum
1182 1239 1320 1294 ordinem
1331 1241 1354 1291 in

341 1329 443 1398 Algido
457 1327 575 1390 ducebat,
594 1326 636 1378 vir
653 1325 760 1394 exempli
777 1325 840 1376 recti
856 1325 927 1376 dorni
944 1325 1108 1392 militiaeque.
1147 1325 1277 1377 Perinde
1293 1341 1355 1376 υτον

340 1415 465 1468 instituta
476 1417 580 1480 suerat,
596 1410 722 1476 liberique
735 1410 946 1462 instituebantur.
969 1408 987 1461 i.
1007 1425 1032 1460 e.
1048 1425 1115 1460 uxor
1130 1407 1275 1464 instituta
1295 1415 1353 1462 eret

340 1515 453 1568 prorsus
466 1513 503 1548 ee
514 1495 604 1558 ueto,
625 1509 678 1562 quo
694 1492 832 1562 Virginius
848 1494 892 1546 vir
909 1501 970 1546 erat
983 1479 1102 1563 exempli
1118 1497 1201 1548 recti.
1222 1495 1254 1563 4,
1271 1498 1319 1565 37,
1328 1498 1350 1549 6.

341 1585 414 1638 baud
430 1599 502 1636 varin
516 1582 645 1632 attulere:
661 1582 705 1633 ee'd
721 1597 769 1632 nee
781 1580 888 1649 perinde
904 1580 994 1632 Patree
1011 1584 1074 1634 meli
1086 1589 1160 1634 eant:
1174 1589 1201 1634 el
1217 1583 1350 1652 Sempro-

272 1655 279 1662 ·
341 1669 454 1720 nine-
474 1665 562 1717 omitia
584 1673 681 1718 temere
703 1683 735 1717 ae
758 1665 926 1734 negligenter
949 1668 1013 1737 egit.
1038 1663 1056 1718 i.
1075 1682 1098 1716 e.
1122 1685 1175 1720 nen
1196 1684 1234 1718 eo
1254 1672 1348 1732 mede,

341 1761 374 1804 ut
387 1750 464 1802 haud
480 1765 553 1803 vanu
569 1751 739 1803 attulerunt:
756 1749 776 1802 i.
797 1766 821 1800 e.
841 1769 894 1803 nen
913 1751 941 1804 ia
960 1753 1089 1804 eumdem
1108 1753 1238 1806 modum.
1261 1755 1292 1819 8,
1311 1754 1348 1818 ll,

340 1833 385 1889 tt).
406 1833 497 1888 Tacit.
517 1835 586 1888 Anu.
604 1837 628 1899 4,
649 1833 692 1888 61.
710 1835 744 1902 Q.
766 1835 895 1899 liuterius
908 1865 943 1877 -
962 1839 1137 1905 eloquentiae,
1157 1841 1252 1907 quoad
1273 1843 1346 1904 uiuit,

342 1923 503 1975 celebratae:
521 1923 682 1975 monimenta
697 1921 797 1992 ingenii
811 1922 865 1972 eine
881 1923 955 1974 bared
974 1925 1080 1992 perinde
1099 1925 1265 1976 retinentur.
1287 1925 1306 1977 i.
1323 1945 1344 1978 e.

276 2041 281 2050 ·
341 2023 397 2061 neu
418 2006 516 2058 eudem
539 2005 710 2060 celebritate.
742 2006 769 2072 2,
793 2006 837 2060 ⁶3.
862 2005 905 2070 12,
926 2005 972 2058 40.
998 2005 1041 2071 14,
1060 2006 1103 2059 58.
1126 2009 1225 2060 Planta
1247 2011 1345 2078 parari

341 2109 428 2146 neoem
447 2109 501 2144 nen
514 2093 622 2161 perinde
641 2091 767 2144 oecultum
779 2093 847 2160 suit.
865 2089 884 2144 i.
903 2105 926 2142 ο.
944 2094 977 2142 ut
994 2091 1091 2144 Sullae
1106 2093 1217 2147 coedes.
1238 2095 1287 2162 15,
1304 2094 1342 2148 bb.

338 2179 497 2245 mutilentur
509 2195 562 2229 noa
576 2177 687 2246 longum
704 2177 747 2228 eui
759 2177 903 2228 abeeniiatn
920 2185 947 2230 et
966 2187 1061 2229 eurietu
1077 2179 1105 2229 in
1122 2181 1261 2248 republica
1284 2199 1341 2250 per·

341 2265 404 2317 inde
426 2265 535 2315 immota
559 2277 590 2312 ao
610 2277 735 2330 preepera
751 2263 820 2328 sere.
845 2260 864 2312 i.
879 2277 903 2314 ο.
926 2275 959 2314 aa
975 2261 1000 2314 ei
1018 2261 1136 2315 ebeeeet.
1157 2264 1232 2318 niet.
1251 2267 1281 2332 l,
1300 2267 1340 2319 et.

340 2347 369 2413 4,
387 2347 430 2401 62.
453 2348 548 2400 Germ.
566 2343 609 2398 84.
627 2345 704 2397 Flet.
722 2346 748 2416 3,
767 2347 792 2412 2,
810 2345 837 2400 2.
864 2355 939 2400 atron
962 2349 1069 2414 eoelum,
1093 2349 1199 2418 perinde
1218 2351 1339 2420 ingenia.

340 2433 413 2488 Ptin
435 2432 523 2503 Epist.
542 2431 611 2496 2,1,
630 2431 756 2500 l.sanue
784 2431 905 2502 Verginii
922 2435 993 2502 Rufi,
1019 2435 1127 2488 marioni
1148 2442 1175 2488 el
1195 2436 1339 2490 clarissimi

342 2521 415 2584 eioie,
434 2520 541 2590 perinde
552 2517 647 2584 felicie-
666 2517 693 2584 1,
710 2515 736 2581 8,
757 2517 799 2570 12.
1143 2567 1146 2576 ,

279 2658 283 2666 ,
375 2603 489 2660 Sueten.
509 2601 589 2654 caea.
614 2599 658 2654 56.
686 2610 810 2672 quartem
832 2604 1014 2658 elementorum
1035 2604 1166 2670 litterani,
1189 2603 1222 2656 id
1247 2606 1336 2674 eet,d

339 2707 393 2762 pre
415 2706 442 2752 a,
466 2694 493 2742 et
510 2687 619 2757 perinde
641 2688 756 2758 reliquae
777 2696 924 2742 commutet.

358 2803 391 2865 5.
412 2795 462 2875 Id,
479 2795 621 2882 quodie
638 2795 723 2862 hune
739 2799 1027 2885 comparutionem
1043 2799 1143 2874 venit,
1163 2799 1333 2866 interdum

276 2905 319 2952 ex
333 2883 373 2951 iio
389 2885 571 2973 petendum
587 2893 646 2966 eet,
669 2905 753 2970 quoe
766 2895 963 2972 sequuntur.
997 2925 1006 2938 ·
1380 2973 1381 3004 1

376 3009 469 3066 Teeit.
495 3011 565 3065 bun.
583 3010 627 3076 15,
650 3011 695 3064 bi.
723 3013 777 3084 ipee
797 3033 846 3084 quo
862 3017 946 3082 sidem
966 3015 1111 3085 acquireret
1133 3014 1203 3066 nibil
1223 3031 1332 3083 aequare

339 3099 448 3171 perinde
469 3097 568 3150 laetum
590 3097 651 3162 eibi,
676 3099 788 3166 publicis
811 3100 874 3151 loeie
893 3109 992 3152 struere
1011 3099 1129 3152 convivia
1150 3107 1258 3168 telepte
1272 3101 1332 3152 arbe

341 3185 418 3255 quasi
433 3185 509 3236 done
524 3183 574 3236 uti.
610 3181 694 3235 Errat
704 3183 929 3254 Stirenburgiue
945 3199 1030 3252 quum
1048 3183 1215 3236 sententium
1239 3185 1331 3250 explet

342 3269 438 3323 verbio
453 3269 561 3340 perinde
576 3275 606 3322 ul
623 3269 741 3322 Romam.
786 3261 929 3339 inlellige-
942 3269 1070 3338 publieae
1091 3285 1148 3330 ree,
1171 3270 1244 3326 Num
1265 3270 1330 3324 nibil

341 3373 454 3426 nequeam
472 3353 548 3407 item
559 3353 688 3424 estquod
704 3355 772 3410 utttt
792 3373 924 3426 umquam.

359 3483 390 3546 6.
412 3479 476 3545 Sed
499 3477 597 3546 rediit
621 3477 675 3545 hio
696 3501 775 3546 ueue
801 3479 842 3546 od
864 3481 1085 3570 primitivum,
1108 3503 1208 3569 quem
1230 3501 1327 3568 eapte

275 3563 432 3654 exposui,
455 3567 649 3647 notionem,
674 3589 760 3654 quae
781 3579 851 3632 erat
875 3591 1032 3656 prorene,
1052 3567 1266 3656 gerodeloin,
1291 3575 1328 3630 ut

274 3674 319 3718 ne
336 3673 422 3738 opue
439 3651 573 3738 quidem
587 3674 675 3716 nune
691 3655 733 3718 eit
754 3652 795 3718 de
819 3653 983 3741 explenda
1003 3658 1163 3718 sententie
1189 3653 1327 3740 elliptieu

276 3737 433 3824 cogitare.
475 3737 606 3802 Dicitur
622 3739 711 3802 enim
729 3739 769 3804 de
785 3739 883 3804 rebus
902 3751 1017 3805 exacte
1035 3739 1240 3819 definiendis,
1262 3739 1326 3803 eie-

274 3823 323 3888 uti
342 3823 501 3888 Germani
523 3821 708 3911 lequuntur
722 3825 817 3890 reiciet
830 3847 926 3914 ganz
938 3825 1074 3914 gernde
1090 3849 1138 3890 eo.
1166 3825 1202 3890 Id
1217 3849 1326 3914 grem-

276 3908 390 3974 mutiei
416 3908 551 3994 quidum
573 3911 619 3974 ite
642 3922 857 3998 aeceperunt,
879 3923 916 3976 ut
931 3915 1101 3991 docerent,
1119 3909 1325 4001 perindeei-

276 3990 433 4084 gnifieere
454 3993 572 4066 ualde.
595 3995 692 4062 baud.
710 3995 860 4083 perinde
881 4019 952 4064 eeee
982 3999 1079 4064 houd
1108 4019 1324 4085 magnopere,

277 4081 372 4146 niebt
387 4079 592 4147 eanderiielo.
638 4082 721 4148 Vide
745 4081 928 4148 Bbttieheri
957 4083 1038 4150 Lex.
1069 4085 1177 4150 Toeit.
1201 4105 1233 4170 p.
1254 4085 1323 4150 868.

171 4265 174 4274 .
275 4167 417 4257 Negavit
430 4165 499 4238 heo
525 4187 604 4240 eum
630 4165 834 4238 Ruhnkeuie
859 4168 980 4252 (Penei.
1003 4171 1045 4237 ed
1070 4168 1231 4237 Sebelleri
1247 4170 1323 4238 Lex.
