2860 4756
518 307 520 311 ’
622 325 716 394 ιιι.Χ
875 400 878 407 ,
965 306 967 316 '
1098 308 1204 395 “er
1304 295 1313 319 ¹

125 491 277 560 indicant.
338 491 375 558 td
406 492 488 559 bene
516 494 585 560 iarn
621 494 840 562 Gernhardus
869 498 1114 578 observaverat,
1152 511 1186 564 et

91 591 95 596 “
126 601 226 664 quum
247 578 289 643 ad
307 577 377 645 Cic.
393 579 481 644 Lael.
502 603 539 668 p.
555 585 608 648 99.
625 581 780 660 dixisset,
802 595 841 648 ιιι
854 607 897 650 ne
914 585 1013 672 poni,
1034 583 1092 649 ubi
1111 607 1185 652 ver·

125 665 201 730 bum
227 665 424 753 praecedat,
446 665 538 753 quod
566 665 653 734 effici
679 669 803 756 aliquid
822 671 935 750 iubet,
959 669 1071 734 addite
1095 672 1184 758 „qui

125 750 263 816 effectus
289 751 317 816 si
343 750 537 816 invitanda
569 755 797 833 secernitur,
827 767 865 820 ιιι
887 757 1114 844 interponitur
1142 758 1184 822 ad

126 835 304 922 quamdam
334 839 592 923 constructionis
621 839 793 906 lenitatem
825 842 936 908 verbo.
962 839 1098 930 efficere
1121 841 1184 908 -vel

125 922 366 1010 operumdare
382 923 646 1006 concedendam,
669 949 687 991 a
713 929 808 992 ouius
832 928 975 994 notione
996 949 1039 992 ne
1063 927 1184 1014 prohi-

125 1007 267 1074 bitivum.
290 1007 471 1075 abhorrere
491 1011 679 1078 videatur.“
723 1011 762 1076 lu
781 1034 848 1100 quo
872 1011 956 1080 illud
979 1023 1028 1077 est
1045 1013 1182 1096 mirum,

124 1095 256 1160 Latinos
274 1093 410 1160 eosdem
424 1096 595 1162 interdum
609 1107 680 1162 tam
695 1095 871 1187 diligenter
888 1098 1011 1164 cavisse
1026 1099 1184 1186 proprie·
1293 1173 1294 1178 η

123 1191 224 1246 tatem
240 1181 439 1261 verborum,
463 1181 541 1269 qui,
564 1193 604 1248 ut
619 1191 768 1260 constat,
790 1195 859 1250 tam
877 1207 976 1272 saepe
993 1207 1036 1248 ne
1058 1207 1122 1272 pro
1143 1196 1183 1250 ιιι

123 1267 404 1355 composuissent.
449 1267 672 1344 Buttmanuus
689 1268 729 1332 ed
745 1269 887 1350 Quintil.
903 1277 954 1350 12,
972 1275 1003 1345 6,
1020 1275 1051 1334 2.
1067 1269 1181 1369 tripli·
1249 1345 1252 1354 .
1355 1271 1357 1283 ⁴

123 1375 196 1418 cem·
209 1355 366 1442 exposuit
381 1359 532 1418 caussam
548 1354 610 1420 ita:
631 1355 813 1442 „primum
831 1377 936 1447 quum
952 1356 979 1420 is
996 1355 1053 1441 qui
1067 1355 1182 1442 loqut-

46 1519 49 1528 1
123 1449 177 1504 tur
191 1440 237 1504 ita
253 1460 365 1504 sensus
384 1439 562 1526 disponere
580 1439 669 1524 vult,
691 1454 728 1506 ut
751 1464 795 1506 ne
820 1444 886 1506 atio
911 1439 1112 1529 praefigatur
1133 1443 1182 1507 rei

122 1527 184 1675 {psi
205 1535 340 1614 negatae
355 1525 471 1624 serius·
486 1526 680 1616 ponendae,
705 1547 772 1614 quo
786 1465 888 1592 *lacto
912 1537 1063 1594 remanet
1087 1539 1125 1592 ιιι
1146 1529 1182 1594 iu

138 1613 508 1698 rontepropositionrss
535 1613 672 1694 deinde,
695 1633 801 1697 quum
823 1609 937 1678 sensus
963 1611 1182 1700 prohibitivus
1212 1660 1214 1668 .
1249 1689 1251 1694 ,
1329 1647 1332 1652 ·

124 1707 155 1760 et
170 1695 387 1779 contionalis,
405 1699 463 1783 qui
484 1707 533 1762 est
557 1698 592 1764 in
608 1697 752 1786 simplici
776 1723 836 1774 ne,
859 1701 966 1764 minui
984 1697 1098 1763 debet:
1123 1699 1182 1764 de-

122 1785 240 1870 nique,
263 1805 370 1870 quum
386 1783 561 1848 consilium
579 1783 659 1849 illud
678 1785 870 1871 negativum
886 1785 953 1851 sive
971 1784 1079 1849 centio
1098 1807 1183 1871 peu·
1224 1799 1227 1806 '

123 1869 177 1940 det
197 1891 216 1934 e
233 1869 334 1934 verbo
353 1867 404 1952 vel
421 1890 575 1934 sermone
590 1893 705 1935 sensus
721 1869 931 1950 affirmativi,
954 1871 1012 1935 sed
1028 1870 1182 1936 nondum

123 1953 276 2021 absoluti.
287 1959 308 1992 “
353 1955 482 2035 Quibus
501 1949 727 2042 quemodo're
752 1957 804 2020 ula
821 1956 981 2044 loquendi
996 1959 1182 2023 constitua·

121 2053 193 2124 tur,
217 2038 369 2128 equidem
392 2063 462 2104 non
479 2041 586 2106 video.
631 2041 694 2106 Sed
719 1981 896 2128 {amptius
919 2039 951 2123 ἕ.
975 2043 1049 2108 847.
1074 2041 1205 2124 docet„

122 2140 159 2192 ιιι
176 2150 221 2192 nc
241 2125 325 2190 nibil
344 2123 482 2192 differre
502 2151 520 2192 a
543 2150 587 2191 nc
606 2126 767 2232 simplici,
788 2127 853 2192 nisi
877 2128 967 2214 quod
990 2127 1120 2212 dicatur
1145 2129 1181 2194 in

122 2216 274 2278 oratione
291 2211 454 2298 graviori,
475 2213 670 2300 praesertim
688 2214 723 2277 in
745 2211 891 2300 legibus:
915 2212 1006 2298 quod
1024 2213 1183 2280 innume·

120 2301 165 2365 ris
179 2299 262 2364 locis
279 2321 347 2362 non
362 2301 535 2363 convenit:
560 2309 671 2364 tamen
687 2301 759 2364 iure
774 2295 896 2365 refellit
912 2319 1031 2362 eorum
1045 2309 1182 2363 senten-

51 2410 53 2414 ’
120 2387 222 2466 tiam,
247 2383 303 2472 qui
320 2392 469 2448 caussam
486 2385 519 2450 in
536 2407 575 2448 eo
590 2383 732 2450 consilio
755 2383 998 2471 quaesiverant,
1021 2394 1058 2448 ut
1071 2407 1115 2448 ne
1140 2384 1181 2448 ab
1203 2441 1206 2448 ,

119 2473 217 2537 initio
245 2471 479 2535 enuntiationis
510 2481 681 2535 remotum
715 2469 813 2536 alicui
841 2470 974 2534 nomini
1003 2469 1183 2557 posteriori

119 2557 227 2647 aptari
244 2566 374 2656 posset:
397 2579 476 2621 nam
492 2557 683 2644 saepissime
698 2567 736 2620 ιιι
754 2580 796 2621 ne
813 2555 1033 2620 collocantur.
1070 2555 1182 2620 Ochs-

118 2665 220 2710 uerus
242 2665 279 2707 m
305 2641 419 2730 Eclog.
441 2643 510 2706 Cic.
535 2663 572 2730 p.
596 2645 669 2709 145.
694 2643 919 2740 antiquiorem
943 2641 1045 2706 fuisse
1070 2653 1181 2708 censet

117 2751 238 2806 usum,
261 2729 293 2792 in
313 2751 380 2814 quo
399 2739 437 2792 ut
460 2728 651 2793 universum
668 2727 856 2808 consilium,
880 2751 923 2794 nc
938 2728 1180 2806 distinctiorem

116 2813 396 2904 significationem
423 2815 656 2901 expressissetz
692 2813 781 2900 quod
815 2835 881 2901 qua
904 2815 1032 2879 ratione
1053 2813 1180 2879 factum

117 2904 179 2977 sit,
210 2903 282 2964 non
307 2901 454 2988 expedit.
515 2901 634 2988 Neque
665 2901 753 2964 iusto
777 2911 974 2985 argumento
997 2899 1180 2965 Billrothus

117 2988 155 3052 in
173 2987 327 3052 Gramm.'
347 3009 379 3074 p.
396 2990 469 3051 874.
492 2997 524 3050 et
544 2987 725 3074 Herzogius
742 2985 783 3052 ad
802 2987 894 3050 Caes.
910 2984 990 3050 Bell.
1007 2986 1066 3050 civ.
1078 2991 1108 3064 8,
1126 2989 1181 3052 56.

116 3083 286 3159 negarunt
306 3095 349 3138 ne
371 3072 447 3136 addi
465 3073 521 3136 uni
538 3072 634 3137 alicui
650 3071 798 3138 nomini:
821 3071 855 3137 id
871 3072 959 3136 enim
975 3069 1046 3136 fieri
1070 3093 1130 3160 per
1142 3083 1182 3137 ιιι

117 3183 208 3240 non,
231 3159 291 3222 sed
318 3159 353 3222 in
376 3170 415 3222 ut
440 3177 484 3222 ne
506 3160 673 3246 pertinere
697 3182 740 3223 ne
765 3156 806 3221 ad
832 3168 938 3222 totam
970 3159 1181 3223 sententiam.

117 3247 331 3332 Wagnerus,
354 3245 411 3328 qui
435 3245 636 3392 singularem
661 3243 809 3308 libellum
834 3244 874 3308 de
898 3243 965 3306 hoc
988 3263 1049 3306 usu
1066 3243 1181 3308 Nord-

116 3331 222 3396 husae
265 3352 293 3394 e.
332 3334 423 3396 1827.
464 3331 566 3406 sidit
604 3331 795 3416 (repetitum
827 3329 863 3394 in
902 3327 1057 3398 Seebodii
1092 3329 1180 3394 Nov.

116 3418 335 3504 Prom'ptuar.
361 3439 390 3480 a.
424 3419 518 3480 1828.
542 3419 571 3482 4.
602 3439 635 3504 p.
649 3421 732 3496 74.),
760 3414 926 3479 rediitad
954 3413 1182 3500 antiquiorum

116 3503 417 3592 grammaticorum
432 3501 657 3588 opinionem,
679 3504 723 3584 ²in
747 3512 850 3566 utne
878 3521 1074 3590 expressum
1101 3523 1180 3578 esse,

115 3589 213 3676 quod
229 3589 266 3652 in
287 3611 331 3652 ne
347 3587 492 3672 simplici
516 3589 678 3652 omissum
695 3597 796 3664 esset,
819 3597 917 3672 atque
941 3587 1181 3652 demonstravit

114 3687 235 3754 utne,
259 3674 348 3760 quod
372 3674 495 3760 ubique
518 3673 697 3738 'dicendum
719 3683 820 3751 esset,
843 3671 1020 3758 differres
1041 3695 1084 3736 ne
1106 3685 1180 3737 tum

115 3761 300 3827 verborum
327 3760 593 3838 consecutione,
619 3770 692 3824 turn
723 3757 981 3846 significationis
1004 3759 1179 3844 gravitate:
1246 3765 1263 3838 ‚j

112 3870 199 3912 nam
224 3845 445 3910 collocatione
469 3845 649 3932 particulae
674 3842 834 3910 iudicasse
854 3847 1055 3930 scriptores,
1079 3867 1180 3932 quam

113 3931 281 3999 orationis
321 3941 427 3995 artem
444 3932 589 3996 maxime
607 3929 813 4018 prohibitam
834 3930 1034 4010 voluissent,
1057 3941 1089 3992 et
1103 3955 1181 4018 gre-

111 4022 253 4086 vitstem
271 3955 347 4082 aldi
365 4018 401 4082 in
418 4015 517 4082 rebus
532 4017 743 4106 opponendis
761 4016 812 4082 vel
835 4027 966 4102 praeter
985 4016 1181 4104 opinionem

110 4103 351 4194 exspectandis
366 4103 643 4191 vel-appetendis:
669 4103 726 4167 ubi
740 4125 819 4168 vero
836 4123 1013 4202 suppressa
1029 4113 1113 4166 esset
1130 4103 1182 4167 al·
1228 4155 1231 4160 i
1273 4109 1275 4112 ’
1338 4122 1370 4147 ι·

110 4203 186 4274 tera
214 4189 407 4258 coniunctio
425 4201 482 4273 ιιι,
506 4188 644 4258 alteram
662 4189 794 4262 minore
817 4209 894 4254 cum
918 4209 952 4256 vr
972 4198 1120 4274 spectare
1138 4189 1190 4254 adv
