2886 4756
246 343 321 410 ssa
671 337 913 424 nvnovau.
937 431 940 442 k

258 508 471 602 cipatiunem
500 515 534 574 et
555 512 594 574 in
617 509 693 575 iure
708 505 899 575 ‘cessionem
931 508 986 573 len
1014 505 1095 574 XII
1119 508 1325 576 tabularum
1433 555 1434 598 p

259 617 323 664 oon
370 605 454 660 mut.
482 591 573 661 Num
597 595 658 660 uici
680 607 812 683 ergoet
828 617 868 659 eu
884 608 1038 681 tempore
1065 605 1099 660 et
1121 596 1324 662 conditione

260 683 304 750 de
331 683 387 746 aci
403 677 541 768 possit?
568 617 605 745 196
629 682 750 769 quibus
774 691 905 770 praeter
926 680 1202 767 significationem
1220 685 1325 748 etiam

260 767 352 835 verbi
371 767 490 830 modus
512 765 684 832 discedite
711 767 837 854 vulgari
862 787 942 831 usur
967 789 1047 831 narn
1072 769 1327 834 coniunctivum
1432 769 1434 774 ’

260 867 386 922 veteres
404 854 582 939 scriptores
601 875 670 918 non
686 854 852 919 collocant
869 875 946 918 cum
972 874 1047 918 roc.
1071 875 1163 918 num.
1212 856 1327 920 Dubi-

261 941 377 1006 tabont
402 941 500 1004 etiam
523 937 728 1027 interpretes.
792 939 980 1004 Haioonder
1003 940 1098 1004 eiecit
1122 939 1220 1004 verbs
1246 943 1325 1028 Dig.

261 1039 309 1094 ea
328 1023 494 1111 numquid
523 1027 700 1101 minuant,
743 1025 842 1108 idque
874 1026 1063 1112 probabant
1095 1027 1259 1092 Noodtius
1292 1039 1327 1092 et

263 1111 478 1180 Heineccius:
498 1110 536 1174 in
551 1109 634 1200 quiri
648 1111 861 1190 scribendum
877 1111 992 1176 Huber
1009 1111 1218 1176 existimabat
1235 1114 1325 1178 Eun.

261 1199 363 1265 Rom.
381 1220 415 1284 p.
429 1198 509 1262 ¹248.
535 1195 573 1260 ln
597 1198 701 1265 altero
719 1198 795 1264 loco
815 1196 1056 1262 Bncbboltzius
1080 1199 1126 1262 ita
1150 1201 1326 1264 constituit
1351 1199 1354 1212 '

262 1283 473 1360 sententiam,
496 1291 533 1346 ut
550 1283 680 1362 Paulus,
698 1284 754 1369 qui
772 1283 812 1346 ad
828 1293 961 1368 ternpus
980 1283 1097 1349 deduci
1113 1307 1210 1372 posse
1227 1285 1327 1350 affir-

262 1378 429 1448 maverat,
455 1379 590 1455 negaret
608 1393 649 1434 ex
667 1381 821 1457 tempore
835 1369 949 1434 deduci
966 1392 1078 1456 posse:
1103 1393 1170 1457 quo
1187 1372 1327 1456 quidem

261 1455 426 1546 particula
440 1454 607 1542 numquid
628 1456 823 1538 vindicatur,
848 1457 1007 1520 sententia
1025 1466 1134 1520 autem
1148 1457 1326 1540 turbatur,

262 1565 325 1608 nec
343 1552 430 1606 stare
447 1549 559 1628 potest
584 1541 743 1626 particula
766 1553 808 1608 et.
845 1541 957 1622 Quare
982 1542 1085 1626 magis
1109 1541 1327 1631 depravatio-

265 1651 346 1696 nem
365 1627 497 1713 linguae
520 1647 620 1714 quam
644 1630 830 1716 scripturae
846 1641 1076 1714 agnoscamus.

348 1758 400 1820 19.
432 1752 584 1839 Aliquam
634 1755 850 1843 roprietatens
878 1754 1000 1820 babent
1030 1753 1127 1820 verba
1149 1777 1231 1818 unm
1253 1756 1340 1840 66--

260 1861 348 1920 nris,
380 1861 461 1938 qaae
487 1839 578 1906 idem
601 1778 673 1908 ipsse
697 1840 905 1928 significant,
939 1839 1129 1928 quodnon
1151 1843 1327 1908 minucio

260 1935 352 1992 ructa
369 1935 533 1993 oratione.

363 2053 493 2120 Propert.
518 2051 546 2118 2,
573 2050 621 2116 22,
636 2052 680 2108 66.
705 2071 769 2106 num
794 2056 897 2124 sugero
914 2052 1001 2105 minas
1023 2053 1224 2132 nescelestein
1241 2055 1328 2124 Phry-

327 2138 398 2212 ges?
417 2135 499 2192 ovtcl.
518 2139 589 2195 Her.
604 2137 648 2202 16,
667 2136 728 2190 174.
742 2155 805 2190 num
823 2139 911 2208 minus
929 2139 977 2190 boc
993 2138 1066 2189 nobis
1089 2145 1144 2189 torn
1171 2136 1253 2191 breuis
1281 2143 1328 2192 ob-

212 2233 213 2241 *
296 2233 299 2238 '
329 2231 385 2278 stat
404 2222 499 2294 apua?
518 2223 561 2290 lt,
579 2221 640 2276 266.
657 2223 733 2278 Fast.
750 2223 776 2290 1,
797 2221 857 2278 626.
874 2221 901 2290 6,
918 2221 945 2276 6.
978 2219 1041 2278 atra
1057 2221 1187 2298 Heinsius
1201 2223 1325 2277 661166.

331 2307 440 2375 11,19.
1165 2339 1167 2353 .

343 2424 363 2462 ⁴¹
386 2414 479 2483 Num
503 2425 537 2481 et
567 2439 637 2482 non
667 2439 685 2481 a
707 2416 852 2483 librariis
876 2425 1085 2482 commutata
1108 2415 1183 2482 vida
1207 2428 1327 2484 notata

263 2503 353 2590 apud
376 2505 528 2568 Gronov.
560 2503 700 2567 Obserr.
715 2550 720 2558 -
734 2527 768 2590 p.
797 2505 871 2569 650.
899 2502 942 2572 N.
965 2503 1137 2566 Heinsium
1163 2503 1204 2566 ad
1226 2504 1327 2572 Orid.

260 2593 341 2656 Her.
366 2596 417 2670 11,
442 2593 493 2654 19.
518 2589 775 2654 Drakenborch.
797 2589 837 2653 ad
862 2589 931 2652 Liv.
955 2594 986 2667 2,
1010 2588 1063 2664 46,
1086 2593 1119 2652 7.
1148 2593 1201 2665 66,
1235 2595 1267 2663 8,
1291 2595 1325 2656 8.

260 2675 428 2740 Waltber.
455 2671 496 2738 ad
527 2673 639 2738 Tacit.
670 2675 754 2742 Hist.
785 2683 814 2759 1,
842 2678 898 2742 88.
919 2673 1061 2740 ctunde
1083 2673 1137 2740 vd.
1161 2677 1325 2746 Goerenu.

261 2761 304 2830 ad
329 2761 398 2826 Cic.
423 2753 525 2826 Acad.
546 2765 578 2838 2,
602 2763 653 2843 16,
675 2763 731 2826 66.

618 2995 973 3121 6666666.
1059 2929 1061 2936 ⁴

345 3162 561 3252 Neumqnam
590 3160 715 3230 facturn
750 3173 801 3230 est
830 3183 1028 3256 numquam,
1062 3166 1096 3230 in
1119 3183 1187 3252 quo
1211 3162 1324 3233 littera

258 3275 294 3319 m
317 3262 392 3317 ante
417 3275 438 3342 q
460 3252 569 3340 posita
597 3251 877 3338 pronuntiabatur
907 3254 943 3317 in
972 3251 1114 3317 modum
1134 3253 1263 3316 litterae
1286 3277 1322 3328 6,

257 3339 322 3406 nisi
341 3338 422 3404 hacc
451 3337 550 3402 etiam
580 3337 747 3425 scriptura
777 3337 1035 3416 exprimebatur,
1071 3338 1168 3402 sicuti
1193 3337 1324 3404 facturn

259 3436 308 3492 est
333 3425 367 3489 in
392 3422 663 3510 inscriptionibus
694 3423 782 3511 apud
814 3423 980 3489 Orellium
1010 3424 1082 3491 655.
1106 3424 1322 3492 42261627.

257 3513 444 3578 Priscianus
470 3515 498 3573 1.
521 3531 551 3596 p.
573 3510 647 3575 555.
670 3531 705 3571 m
728 3509 857 3578 transit
879 3509 917 3574 in
935 3534 969 3584 6,
996 3521 1029 3576 et
1049 3510 1200 3574 maxime
1219 3509 1244 3574 6
1265 3510 1326 3576 vel

258 3597 351 3664 teet
378 3619 397 3661 c
425 3593 476 3660 rel
505 3593 767 3744 poenitentibus
797 3607 835 3660 ut
869 3607 971 3673 tam,
999 3594 1191 3672 tandem,
1214 3608 1323 3660 tan·-

258 3680 460 3756 tunde-m,
483 3679 497 3744 i
538 3701 616 3758 em,
639 3679 899 3748 identidem.
923 3701 1032 3757 num,
1054 3679 1265 3756 nuncubi,
1288 3692 1323 3746 ‘ct

257 3780 294 3834 ut
312 3767 421 3832 Plinio
436 3765 555 3855 piacet,
568 3784 712 3854 nunqu
725 3767 739 3831 i
747 3789 774 3842 a,
791 3787 1025 3855 nunquam.
1049 3767 1175 3833 Marius
1193 3767 1320 3833 Victor.

257 3879 293 3944 p.
323 3851 420 3916 2462.
458 3851 523 3917 aas
568 3862 662 3917 uoces
702 3875 1031 3942 nonnunquam,
1085 3873 1174 3917 666
1213 3873 1320 3928 uam,

258 3935 474 4025 nunquid,
497 3951 773 4038 quanquam,
790 3959 977 4027 unquam
995 3961 1099 4027 saepe
1117 3875 1209 4003 reoli
1228 3937 1320 4003 scri-

256 4037 340 4114 ptas
362 4021 578 4110 relinquitis:
605 4021 795 4109 aliquando
811 4047 835 4091 n
855 4025 892 4090 in
922 4047 957 4088 m
987 4025 1207 4090 commutatis
1228 4045 1320 4088 nan-

259 4125 449 4196 numquam
476 4128 543 4195 prc
573 4131 597 4174 n
610 4106 740 4197 facitis
762 4131 808 4174 m.
839 4133 873 4198 p.
894 4110 989 4177 2466.
1016 4111 1179 4200 quonium
1201 4111 1239 4174 in
1259 4133 1321 4175 oa-

249 4197 441 4290 66166666
470 4193 687 4284 syllabarum
705 4195 950 4288 fanatiarium
976 4209 1010 4264 st
1035 4195 1135 4264 nabis
1154 4193 1318 4268 babendo
