2836 4752
299 345 362 412 688
740 343 925 412 PROCVL.

302 519 305 526 “
399 513 458 568 (iic.
475 511 509 566 de
527 511 589 565 inv.
606 511 632 578 l,
652 509 697 578 81,
713 511 757 567 61.
773 517 898 585 quonism
921 515 1088 571 coutuntur
1114 517 1243 572 imitatur
1259 521 1373 586 corusco·

364 601 462 654 ciccccc
476 615 526 669 pro
543 616 581 666 eo,
599 616 631 652 oc
658 601 682 653 ci
706 601 920 666 concesseruut,
955 603 1108 658 concludere
1124 605 1255 674 oportebit
1272 621 1370 674 orgu-

364 683 557 740 cocutotc‘occcr.
1211 707 1214 714 ·

399 785 458 840 (iic.
479 804 507 855 p.
524 785 619 839 Plnnc.
636 781 681 850 88,
696 783 740 839 92.
756 785 848 851 ceroci,
864 805 896 840 nc
907 803 1004 857 porum
1016 787 1198 857 occipicio,
1217 792 1292 858 prod
1310 797 1367 843 tuor

365 889 385 925 u
414 890 456 926 mc
481 873 601 937 baberet,
624 871 785 925 reddidisset·
813 869 847 923 de
868 871 929 924 uic.
953 871 979 937 4,
1004 871 1048 938 21,
1076 871 1121 926 68.
1144 893 1229 942 copus
1251 891 1309 944 pcc
1329 895 1366 938 oo,

365 961 494 1096 gnapposu
509 957 650 1094 iugoque
663 956 698 1010 tit
709 957 846 1026 ponderis,
864 975 917 1012 coeo
932 959 1110 1012 destituendo.
1132 957 1167 1012 od
1184 958 1266 1011 uam.
1287 958 1319 1024 6,
1336 959 1366 1044 ιδ,

385 1059 429 1100 .v
460 1057 519 1110 ep.
590 1075 597 1092 .

398 1143 457 1198 cic.
474 1161 501 1213 p.
523 1143 632 1198 cluent.
649 1143 693 1209 16,
717 1140 761 1196 48.
790 1143 884 1198 Aoitne
901 1161 936 1184 ·-
956 1161 1007 1214 pro
1027 1163 1065 1211 co,
1091 1147 1160 1217 quod
1177 1162 1204 1199 cc
1231 1163 1285 1198 uon
1308 1146 1365 1198 cuir

362 1231 447 1284 cotum
462 1231 616 1298 commodis,
633 1232 679 1284 ced
692 1232 774 1283 ctione
791 1246 897 1282 tuocum
918 1231 1077 1300 municipum
1101 1237 1297 1300 cctcrorumquc
1314 1249 1363 1282 uc-

365 1318 533 1369 oceeociocum
561 1325 651 1368 udum
673 1333 727 1368 esec
751 1315 940 1380 ccturocacur,
960 1321 1052 1368 toutoo
1072 1315 1203 1366 ooiuutcti
1223 1317 1363 1369 universo-

365 1417 424 1454 rum
445 1401 609 1454 Loricotium
628 1402 713 1454 dccooc
730 1402 824 1453 coluit.
841 1416 868 1468 p.
882 1399 966 1452 Rosc.
983 1399 1045 1452 An.
1064 1399 1108 1464 61,
1125 1397 1188 1452 148.

399 1501 458 1556 laio.
477 1501 504 1567 8,
519 1501 546 1566 8,
566 1501 609 1555 16.
625 1520 705 1572 coque
721 1520 752 1570 cc
762 1521 812 1572 pro
833 1520 871 1570 co,
890 1505 957 1572 quod
975 1503 1120 1572 spondendo
1134 1519 1229 1570 pacem
1250 1519 1360 1556 cervos-

363 1596 420 1642 etot
434 1589 571 1642 acceium
588 1589 683 1657 populi
695 1588 808 1652 romoni,
824 1605 935 1657 postcom
950 1589 1035 1639 ulium
1050 1587 1154 1640 moritu
1169 1605 1233 1640 esec.

384 1691 435 1754 14.
465 1688 636 1753 Bnrbories
662 1689 762 1758 medii
786 1688 855 1754 oevi
883 1688 975 1752 nullo
1009 1690 1043 1750 iu
1076 1687 1240 1751 vocabulo
1266 1689 1357 1752 nnti-

299 1795 403 1861 quum
421 1795 518 1838 usum
536 1775 639 1859 magis
657 1775 805 1861 corrupit
832 1795 931 1861 quom
955 1774 987 1836 in
1009 1793 1083 1860 pro.
1106 1773 1273 1838 Dixerunt
1289 1797 1357 1863 pro

295 1871 330 1925 ct
345 1871 477 1938 contro,
500 1861 540 1924 do
567 1882 634 1944 quo
659 1861 819 1924 Celinrius
844 1863 879 1923 in
904 1859 1074 1922 Antiborb.
1100 1882 1134 1946 p.
1159 1865 1233 1923 199.
1261 1870 1294 1923 et
1318 1863 1355 1924 in

296 1946 394 2010 Curis
413 1956 497 2034 posi.
512 1969 546 2034 p.
563 1950 637 2011 858.
652 1967 716 2032 pro
723 1943 859 2034 formo,
881 1955 918 2008 ut
941 1955 1023 2010 osset
1031 1967 1098 2030 per
1112 1946 1271 2032 speciem,
1285 1968 1358 2031 pro

294 2032 361 2096 hoc
376 2031 464 2107 cicc,
486 2053 548 2119 pro
565 2053 676 2109 crosno,
700 2043 732 2094 et
756 2053 839 2118 quoe
859 2041 936 2094 sunt.
959 2029 1041 2095 elice
1060 2029 1223 2094 dictiones
1240 2053 1257 2095 o
1274 2033 1355 2096 viris

295 2116 401 2182 doctis
418 2127 558 2181 noiotoe.
602 2117 666 2181 Vd.
681 2116 812 2182 Noiteo.
831 2141 865 2204 p.
885 2119 979 2180 1727.
1005 2115 1184 2180 Krebsium
1215 2140 1242 2182 s.
1264 2115 1297 2180 h.
1319 2138 1350 2180 v.

295 2205 339 2270 ln
355 2201 624 2289 inscriptionibus
648 2201 736 2266 haud
759 2201 863 2268 semel
885 2199 1005 2288 legitur
1021 2224 1090 2288 pro
1108 2201 1275 2280 sulutem,
1289 2225 1350 2266 nec

293 2300 408 2376 potest
423 2285 515 2367 iilud,
536 2287 625 2375 quod
652 2288 739 2373 opud
760 2288 923 2352 Orellium
939 2297 989 2350 est
1003 2291 1100 2362 2³60,
1121 2307 1186 2374 pro
1202 2287 1348 2352 sulutem
1408 2341 1409 2348 ,

294 2385 329 2440 ct
344 2374 523 2452 victorico,
553 2373 697 2439 inscitiae
718 2373 891 2462 sculptoris
914 2372 1033 2453 tribui,
1061 2372 1119 2436 scd
1142 2373 1267 2460 vulgari
1280 2395 1348 2437 ser-

294 2461 409 2612 pnpni,
433 2461 467 2527 in
491 2481 559 2548 quo
582 2481 681 2549 suepc
703 2481 796 2528 cneus
811 2459 1093 2526 substantivorum
1110 2458 1273 2526 confundi
1290 2481 1344 2524 so-

309 2567 326 2613 e
351 2557 418 2613 ont.

593 2959 594 2964 .
684 2887 961 2977 PROCVL.

380 3084 419 3150 ln
440 3085 658 3174 originatione
685 3085 837 3150 vocabuli
856 3086 984 3172 procui
1005 3083 1209 3150 conficiendo
1234 3107 1341 3172 grum-

294 3173 403 3236 rnntioi
420 3194 555 3258 operam
574 3171 753 3258 perdidisse
771 3171 933 3236 videntur.
971 3173 1116 3252 Servius,
1133 3171 1190 3258 qui
1210 3173 1251 3234 ad
1269 3172 1342 3235 Vir-

292 3258 350 3345 gil.
374 3261 453 3324 Aen.
476 3264 516 3335 3,
542 3263 591 3323 18.
613 3258 806 3343 seripserntz
843 3257 1032 3342 proculcet
1053 3259 1154 3344 qoraei
1170 3279 1279 3344 porro
1303 3253 1342 3319 ob

293 3345 411 3421 oculis,
434 3342 525 3408 uncie
544 3355 660 3430 potest
682 3343 801 3406 sotis
826 3341 959 3430 longe
981 3339 1186 3430 significare
1207 3353 1241 3408 ct
1262 3365 1341 3406 noro

293 3430 448 3496 ualde:
469 3430 552 3494 dixit
570 3429 668 3494 etiam
686 3429 725 3492 od
743 3432 773 3507 6,
796 3433 845 3492 10.
868 3429 991 3514 procul
1013 3430 1103 3493 euim
1126 3440 1177 3493 cot
1205 3423 1342 3514 ecquod

291 3538 380 3606 proc
395 3515 501 3580 oculis
519 3525 587 3596 est,
610 3525 643 3579 et
655 3513 749 3600 quod,
758 3535 867 3600 porro
885 3511 929 3578 ob
950 3514 1068 3579 oculis.
1123 3511 1218 3579 Adde
1240 3511 1339 3578 ochoi.
1404 3525 1405 3530 ’

295 3602 334 3666 od
353 3601 514 3686 Eciog.6,
532 3604 581 3664 16.
618 3597 722 3684 quue
748 3599 980 3684 comprobavit
999 3599 1145 3664 Beuerus
1169 3601 1210 3666 ed
1225 3597 1340 3664 Sanctii
1404 3615 1405 3633 ¹

293 3689 377 3752 Min.
399 3687 501 3750 Tom.
522 3691 550 3750 1.
570 3707 603 3782 p.
629 3689 701 3750 182.
726 3686 888 3749 Meursius
906 3685 1064 3772 (Exercii.
1082 3687 1155 3750 crit.
1180 3694 1210 3749 1.
1227 3707 1263 3772 p.
1281 3683 1338 3768 19.)

296 3781 328 3834 et
351 3774 498 3850 Vossius,
521 3773 718 3858 quibuscum
733 3772 944 3835 consentiunt
961 3771 1133 3836 Martinius
1149 3781 1180 3835 et
1196 3770 1340 3835 Doeder-

292 3855 382 3921 linus
408 3857 523 3942 (Tom.
553 3863 585 3922 2.
616 3878 651 3944 p.
680 3855 745 3940 98.)
770 3857 895 3943 procui
915 3857 1083 3921 deducunt
1108 3879 1125 3922 a
1147 3855 1340 3946 procellero,

295 3941 386 4030 quod
402 3943 444 4005 sit
459 3964 567 4030 porro
583 3964 729 4018 movere,
746 3943 813 4006 sive
829 3943 1114 4007 omissocxtremu
1126 3943 1251 4030 syliobu
1263 3942 1340 4006 vocis

290 4027 500 4116 proconisum,
525 4028 592 4091 sive
608 4037 643 4090 ut
660 4031 701 4090 sit
713 4026 838 4114 procul
855 4027 933 4092 loco
945 4028 1102 4114 procidis,
1125 4029 1340 4116 quemadmo-

295 4115 374 4179 dum
384 4111 490 4201 jacui
500 4135 562 4201 pro
578 4109 706 4202 facilis
730 4113 867 4180 dictum.
912 4113 1011 4194 Esse,
1048 4115 1093 4179 uit
1114 4114 1343 4189 Doederiinos,
1402 4173 1403 4200 ἶ

287 4201 387 4290 quusi
405 4211 579 4291 promote,
601 4211 738 4268 remote.
772 4203 815 4266 At
838 4199 959 4268 cellere
982 4200 1075 4266 nulio
1097 4211 1197 4289 puoto
1220 4197 1343 4287 signifi·
1402 4203 1403 4271 i
