2854 4750
222 340 226 348 v
298 323 362 388 ns
425 391 428 397 ,
612 277 624 392 s
666 317 766 386 unc.
791 273 976 403 NEQVE.

363 487 471 552 veluit,
494 493 525 540 ut
547 487 658 544 librerii
678 506 713 542 er
735 489 875 544 communi
900 488 1096 544 consuetudine
1120 487 1205 542 enen
1233 490 1358 560 antiquos

252 645 254 650 Ι
365 575 453 628 libror
466 572 645 642 corrigerent.
679 576 723 628 lto
737 576 845 628 iactum
867 583 910 630 eet
923 575 953 628 in
970 576 1027 630 Cic.
1042 576 1078 629 de
1094 557 1157 630 den.
1176 575 1220 641 11,
1234 574 1279 629 85.

387 671 458 730 ‚cte
471 675 507 728 de
521 675 582 728 Fin.
598 675 624 742 l,
639 676 667 740 ἵ,
680 675 725 730 28.
751 678 918 747 ituprorrur
940 677 1077 743 trutino,
1100 695 1182 748 neque
1207 697 1267 732 eum
1293 678 1359 730 'i'or-

363 769 470 830 camum
486 787 522 800 -
540 760 746 832 torquemillum
762 764 831 816 toni
844 765 985 818 duracium
1006 769 1059 817 etc.
1093 763 1123 816 ln
1137 765 1192 816 hoc
1205 764 1267 816 loen
1285 764 1359 816 Goe-

363 845 474 900 rcnaiur
495 862 576 914 neque
597 861 647 914 nro
672 865 705 900 ne
717 873 754 884 —-
769 841 875 917 aridem
898 848 1014 918 aceepit.
1068 848 1124 902 Sed
1144 849 1209 902 vide
1230 848 1306 901 intre
1323 849 1358 900 ΙΙ.

363 947 390 984 n.
405 929 450 982 16.
470 930 548 984 ont.
563 945 623 999 ugr.
638 930 706 996 3,2,
722 929 747 986 4.
765 943 844 1003 capu
863 942 902 988 ort
925 935 994 1004 legia
1014 934 1078 999 Xn,
1099 935 1132 988 dc
1155 951 1206 1003 qno
1228 953 1281 1004 ego
1296 952 1358 987 ean-

185 1039 189 1044 ·
304 1057 309 1063 .
364 1017 449 1080 culto,
469 1015 606 1092 Quirine,
632 1032 712 1084 neque
736 1021 810 1088 cprrd
832 1038 876 1074 ooe
898 1027 958 1073 ante
974 1019 1033 1086 seri
1054 1007 1224 1084 mentionem,
1252 1037 1287 1074 ne
1308 1024 1357 1071 ete.

362 1103 392 1154 lr.
415 1117 438 1155 e.
468 1099 503 1154 de
536 1115 589 1168 qno
618 1101 743 1155 marullo
778 1119 832 1158 nou
862 1104 1031 1160 mentionem
1059 1101 1132 1171 feei,
1165 1121 1256 1174 neque
1285 1104 1357 1173 epod

363 1203 412 1238 ror
435 1189 509 1239 ento.
549 1222 552 1229 -
659 1229 661 1234 .

382 1313 433 1373 16.
461 1307 486 1373 l.
503 1303 538 1371 F.
563 1306 756 1372 Gronovius
779 1328 917 1394 negasse
940 1308 1069 1375 videtur
1091 1331 1155 1374 nee
1176 1318 1266 1372 recte
1290 1307 1355 1372 dici

243 1448 246 1456 .
296 1405 374 1484 post
394 1415 496 1459 ue—
512 1391 649 1479 quidem
669 1394 884 1474 antecedens,
915 1395 1051 1482 eiusque
1079 1391 1355 1482 significationem

294 1472 467 1568 exliperer
490 1501 569 1543 nam
593 1479 634 1543 ad
657 1479 755 1544 rerba
780 1481 863 1546 Liuii
881 1483 934 1561 to,
960 1486 1013 1562 25,
1032 1486 1063 1546 6.
1082 1503 1217 1545 summu
1242 1479 1353 1548 ui‘to-

294 1581 367 1633 tum
391 1567 484 1631 diem
504 1577 772 1654 oppugnarunt,
807 1567 860 1647 ite
890 1577 929 1630 ut
958 1589 1001 1632 ue
1024 1561 1197 1653 efferendi
1217 1564 1354 1653 quidem

294 1655 401 1742 signa
425 1649 590 1716 Romanis
614 1651 787 1738 spatium,
810 1675 872 1717 nee
895 1650 945 1715 ud
971 1651 1218 1740 explicandum
1242 1651 1354 1715 aciem

205 1751 208 1759 ⁴
295 1741 388 1805 locres
410 1749 506 1802 earet.
530 1739 658 1802 noterit
683 1735 782 1801 haec:
817 1737 922 1803 scribe
949 1741 1077 1802 nedum
1098 1737 1147 1802 ad
1173 1737 1353 1822 explican-

295 1827 397 1897 dum,
424 1833 479 1888 aut
496 1821 605 1887 deleto
640 1822 774 1902 uidem,
799 1823 905 1888 itaut
922 1845 985 1888 nec
1011 1834 1074 1888 ete.
1119 1823 1184 1887 Sed
1198 1823 1379 1888 Drakon·

293 1911 454 1978 borchius
480 1906 579 1972 affert
601 1847 689 1973 eiiud
721 1931 817 1974 exem
845 1909 916 1973 lum
947 1915 977 1991 1,
1000 1913 1033 1990 8,
1057 1911 1099 1973 le
1117 1919 1156 1972 ut
1178 1932 1222 1974 ue
1242 1920 1353 1973 morte

294 1997 432 2088 quidem
451 1995 607 2074 Aeneae,
636 2017 698 2059 nee
719 1932 846 2060 deludi
868 1994 960 2060 iuter
988 1992 1187 2060 muliebrem
1208 1994 1353 2060 tutelum

292 2082 586 2168 rudimentumque
608 2080 766 2168 primum
783 2079 930 2168 puerilis
957 2081 1060 2168 regui
1088 2101 1221 2146 movere
1250 2101 1354 2146 arma
1411 2143 1412 2168 1

292 2169 373 2236 ausi
387 2168 472 2232 sinte
795 2175 802 2189 ²
1089 2181 1090 2186 ’
1411 2169 1412 2248 l

353 2291 355 2296 '
404 2289 506 2342 Florus
518 2282 544 2352 4,
559 2283 586 2348 2,
601 2281 627 2337 4.
651 2283 716 2340 edeo
737 2292 767 2339 nt
788 2305 840 2340 non
861 2294 928 2340 reete
948 2281 1050 2340 tunium
1072 2287 1145 2342 eioile
1174 2271 1294 2352 dicutur,
1319 2303 1351 2338 cc

361 2392 395 2428 ne
407 2373 503 2426 sociale
517 2371 636 2440 quidem,
654 2373 699 2424 red
713 2389 760 2424 nee
774 2379 916 2426 externum.
928 2419 929 2422 ,

378 2499 430 2560 17.
450 2493 501 2559 Ab
517 2491 600 2568 illis,
621 2492 794 2580 inquibus
809 2517 853 2559 ne
869 2493 1007 2582 quidem
1030 2491 1264 2581 intelligimus,
1287 2493 1350 2558 ali-

294 2591 458 2668 quantum
474 2578 594 2650 distant
609 2593 669 2653 ea,
689 2580 724 2642 in
741 2579 860 2665 quibus
876 2603 955 2657 uec,
980 2577 1020 2643 ad
1038 2578 1124 2644 aliud
1141 2581 1238 2666 quid,
1259 2579 1350 2666 qnod
1410 2609 1411 2614 ¹

295 2666 439 2745 accedit,
458 2663 619 2740 relatum,
641 2685 705 2750 pro
722 2677 755 2728 et
771 2688 840 2729 non
856 2667 922 2730 sire
940 2665 1048 2730 etium
1070 2689 1140 2728 reon
1163 2666 1265 2752 accipi
1289 2667 1350 2729 de-

293 2754 362 2820 bet.
403 2750 489 2815 Nam
505 2749 594 2836 quod
605 2750 828 2831 Quintilianus
844 2751 923 2816 dicit
936 2756 968 2833 9,
985 2756 1017 2830 2,
1035 2755 1088 2814 67.
1105 2751 1202 2899 im
1217 2751 1349 2841 insero

294 2863 364 2904 non
380 2835 536 2922 expedit,
555 2834 630 2899 illic
651 2859 712 2900 nec
735 2837 856 2916 liceat,
878 2859 979 2901 nemo
998 2836 1029 2899 id
1045 2834 1103 2900 red
1128 2848 1159 2901 et
1178 2859 1240 2926 per
1254 2838 1350 2902 uiolet
1410 2847 1411 2882 ῑ

294 2923 436 3003 eiumul,
452 2922 588 3008 'sed'per
603 2922 691 2985 ancli
703 2924 809 2988 eiiciet.
849 2923 902 2988 cf.
913 2921 1079 2987 Walther.
1095 2922 1350 2990 adsumtum.
1410 2931 1411 3011 t

296 3019 327 3087 1,
343 3015 398 3076 32.
438 3009 499 3073 Hie
514 3029 592 3072 vero
611 3029 687 3071 usus
703 3010 742 3072 ad
760 3011 942 3074 recentiora
961 3019 1113 3096 tempore
1128 3007 1273 3074 maxime
1287 3020 1350 3078 -at-

293 3098 396 3162 tinet:
419 3095 477 3158 sed
500 3113 580 3183 prae
596 3095 711 3158 ceteris
729 3095 953 3176 Quintilianus
976 3094 1039 3174 hac
1059 3094 1202 3178 dictione
1225 3095 1351 3193 saepis-

292 3182 377 3253 sime
396 3181 516 3258 utitur,
539 3191 571 3245 et
585 3178 710 3268 duplici
728 3181 860 3267 quidem
879 3181 1001 3246 modo:
1025 3202 1103 3244 nam
1128 3190 1184 3246 aut
1201 3180 1351 3267 loquitur

293 3269 339 3336 ita
370 3269 411 3332 in·
437 3265 687 3354 comparatione
716 3267 857 3345 duarum
886 3287 999 3332 rerum
1033 3266 1100 3330 sive
1130 3265 1351 3354 praecedente

293 3379 336 3421 ne
359 3355 487 3430 atione,
516 3352 585 3418 sive
606 3351 669 3421 ulia
693 3354 842 3431 ratione,
879 3362 935 3416 out
967 3351 1349 3440 componitrperticulas'

293 3377 358 3522 sed
371 3464 451 3513 nec,
476 3449 594 3504 tumen
609 3461 689 3518 nec,
708 3439 841 3527 alioqui
854 3462 937 3521 ¹uec.
978 3439 1085 3524 Atque
1099 3437 1144 3502 ita
1160 3439 1257 3502 etiam
1283 3439 1350 3502 olii.
1409 3491 1410 3530 ἦ

294 3525 390 3593 Nam
403 3549 465 3608 uec
483 3525 605 3589 dixisse
622 3523 677 3591 ille
700 3526 828 3592 videtur
852 3547 917 3614 pro
940 3546 1002 3590 uec
1021 3525 1089 3589 sive
1110 3545 1217 3614 neque
1238 3524 1351 3590 euim.-
1409 3549 1410 3602 t

282 3611 549 3699 ,fortasseetiam
567 3609 633 3674 alii.
696 3613 697 3616 ’
1053 3615 1054 3618 ’
1409 3607 1410 3679 l

398 3729 584 3803 GindoFin.
602 3727 747 3796 1,11,utt,
771 3747 837 3782 num
857 3728 881 3781 ci
903 3745 935 3780 eu
957 3718 1012 3780 eolo
1032 3731 1153 3799 uoluntas
1175 3736 1256 3795 earet,
1283 3749 1351 3800 quae

362 3817 438 3889 onesi
452 3815 573 3874 titillaret
587 3833 690 3882 neuun,
708 3823 739 3868 ut
752 3815 909 3879 traditum,
927 3821 951 3866 et
963 3814 1000 3865 ad
1016 3830 1058 3865 eos
1074 3832 1131 3866 curn
1149 3815 1283 3868 sunoitote
1305 3821 1352 3883 as-

358 3905 455 3973 flueret
468 3907 493 3952 et
508 3901 679 3967 imbuetur,
698 3918 744 3954 nee
758 3915 850 3954 munuc
864 3915 919 3950 erre
934 3905 1055 3952 contente
1072 3905 1158 3968 parret
1179 3899 1237 3952 ullu
1258 3903 1355 3954 occui-

360 3981 418 4054 'tate
432 3985 529 4057 doloris
545 3984 599 4052 aine
613 3985 726 4047 iucundo
748 3992 822 4038 motu
846 3983 994 4052 cuspium.
1029 3984 1071 4037 Ne
1094 4000 1156 4036 eum
1178 3983 1295 4038 Durisio
1318 4004 1353 4040 ex

362 4069 499 4140 corruptis
518 4069 667 4127 verborum
681 4067 864 4145 fragmentis,
881 4085 953 4135 quse
970 4063 997 4120 iri
1018 4067 1125 4118 nauum
1148 4068 1226 4120 codd.
1250 4069 1354 4140 legun·
1408 4097 1409 4118 t

115 4230 121 4275 ι
351 4161 424 4232 tur,
440 4154 618 4209 restituamus
635 4172 681 4208 nee
696 4156 754 4223 allo
767 4171 829 4224 pare
845 4171 905 4209 oae.
922 4155 973 4211 tot
989 4151 1104 4221 impedit
1119 4159 1148 4210 et
1171 4152 1257 4223 ittet,
1277 4158 1355 4226 quod
1408 4167 1409 4182 ¹
