2854 4750
250 323 326 419 aaa
410 395 413 401 ·
483 335 496 370 ³
549 315 562 394 ἶ
651 353 860 451 ,naaria

320 519 506 592 dissipabimur
521 521 578 588 ita,
594 525 625 577 ot
645 523 735 577 necubi
743 496 946 593 ferramentum)
956 522 1093 590 faenisecis
1116 525 1199 596 possit
1222 529 1311 596 offert-

259 671 268 702 !
284 683 286 688 Ι
319 607 389 660 dere.
421 605 566 661 Editionee
580 605 654 660 lunii
669 605 841 678 aliorumque
854 607 985 661 omittunt
1001 617 1040 663 nt.

329 703 367 789 ἔ)
392 700 604 766 Commutata
621 709 699 764 sunt
715 723 790 768 voc.
814 698 959 767 necubi
984 711 1017 766 et
1045 724 1107 766 nec
1128 700 1193 766 tibi
1216 703 1311 789 apud

252 783 375 852 Lucan.
398 784 462 859 bl.
485 796 517 853 et
539 810 582 852 ne
606 785 665 850 cui
687 787 775 876 apud
799 787 948 856 Laetant.
972 785 996 851 l.
1013 786 1037 851 l.
1065 787 1121 852 vd.
1143 785 1262 853 Cellart
1280 799 1313 852 ct

177 947 181 950 ,
252 869 462 948 Biinemann.
506 871 595 938 Alias
611 874 890 944 commutationes
905 873 1032 939 notavit
1052 872 1311 940 Drakenborch.

253 955 295 1026 ad
310 955 381 1030 Liv.
396 960 453 1040 38,
468 957 522 1041 49,
538 963 569 1031 7,
1096 963 1098 966 ’

645 1144 905 1233 NEDVM.

284 1331 291 1350 ι
340 1299 557 1368 Grammatioi
581 1299 780 1366 vocabulum
799 1297 930 1367 neuram.
951 1308 989 1365 ut
1013 1300 1237 1388 explicarent,
1271 1302 1314 1366 ad

250 1385 387 1472 ellipsIn
411 1385 619 1452 statuendam
645 1385 936 1474 confugiebant⁸ct
959 1407 1075 1476 graeca
1101 1385 1142 1469 μὴ
1166 1371 1237 1466 ia,
1268 1388 1312 1470 pri

253 1465 341 1548 ὅπως
356 1481 606 1572 comparantes,
627 1472 812 1555 docebant,
834 1471 960 1537 nedum
977 1473 1104 1536 omisso
1123 1475 1225 1538 verbo
1242 1495 1314 1538 esse

236 1577 319 1644 ipro
341 1581 384 1624 ne
405 1557 530 1625 circam.
579 1560 621 1624 At
644 1559 736 1646 quod
758 1581 819 1647 per
836 1579 871 1623 se
897 1567 1043 1636 constat,
1073 1558 1311 1646 supplemento

254 1664 324 1707 non
342 1655 427 1732 eget.
465 1643 774 1712 Demonstravimus
790 1666 833 1708 ne
850 1665 929 1708 cum
942 1643 1061 1709 maiori
1079 1645 1234 1732 gravitate
1249 1667 1315 1710 ne-

254 1730 425 1820 gationem
457 1729 647 1816 exprimere
680 1741 712 1796 et
744 1732 779 1800 in
811 1729 975 1819 oppositis
1004 1728 1104 1794 rebus
1129 1727 1315 1818 significare

257 1837 350 1890 eam,
373 1836 457 1910 quae
476 1814 588 1878 minus
613 1837 713 1904 quam
739 1815 818 1880 aliae
843 1811 919 1880 anie
944 1813 1049 1879 dictae
1075 1814 1127 1879 vel
1153 1816 1316 1904 cogitatae

254 1910 410 1988 suppetat
442 1911 497 1966 aut
520 1899 616 1972 nullo
641 1913 741 1990 pacto
773 1901 976 1966 admittatur.
1018 1899 1055 1964 ld
1079 1903 1107 1966 si
1132 1903 1205 1987 quis
1232 1923 1312 1966 ver·
1360 1914 1363 1926 ’

174 2041 178 2049 f
254 1983 305 2049 bis
322 2010 365 2052 nc
383 1985 520 2068 dicam,
541 2009 583 2051 ne
605 1987 679 2076 qnia
701 1987 800 2052 ,dicar
821 1997 854 2052 et
880 1987 1069 2074 germanico
1095 1988 1315 2080 gesclrweigc

257 2075 474 2170 expresserit,
496 2075 692 2141 sententiam
715 2073 840 2138 tenebit
862 2071 934 2137 fe're
963 2071 1133 2150 camdem,
1154 2095 1224 2137 non
1251 2095 1315 2137 ex-

257 2157 397 2245 plicabit
425 2158 633 2247 particulam.
692 2158 779 2224 Nam
806 2161 877 2247 ipsa
908 2158 989 2223 haec
1018 2159 1178 2246 particula
1207 2159 1313 2224 vicem

255 2244 504 2310 coniunctionis
524 2254 689 2331 praestat,
710 2265 794 2344 quae
818 2254 896 2332 post
916 2266 951 2308 se
976 2244 1234 2309 coniunctivum.
1250 2244 1315 2318 ha-

254 2328 322 2394 bet.
366 2331 538 2396 Praeterea
559 2353 635 2396 cum
654 2353 697 2397 ne
717 2339 931 2395 conrunctum
948 2338 997 2393 est
1012 2329 1111 2409 clam,
1132 2329 1245 2417 quod,
1264 2333 1316 2397 nti

253 2415 322 2480 iam
348 2415 451 2480 Tum.
480 2421 513 2480 2.
540 2439 575 2504 p.
600 2421 662 2483 291
691 2425 725 2480 et
747 2419 823 2482 322.
857 2415 1098 2496 demonstravi,
1136 2419 1315 2480 decursum
1421 2445 1422 2478 ι

254 2504 418 2586 temporis
435 2500 557 2566 indicat
574 2513 606 2565 et
624 2503 664 2566 ad
683 2501 865 2586 augendam
876 2503 1086 2586 negationem
1101 2501 1145 2565 ita
1157 2499 1315 2582 refertur,

255 2596 294 2650 ut
315 2587 505 2674 germanico
533 2587 703 2654 duratione
730 2588 824 2652 ntclrt
848 2587 1060 2672 respondeat.
1106 2585 1148 2650 Et
1169 2587 1252 2652 illud
1271 2611 1316 2652 ne

258 2689 363 2758 quum
382 2671 620 2760 prohibitivam
641 2683 841 2760 potestatem
865 2671 1001 2752 habeat,
1027 2683 1059 2736 et
1082 2671 1123 2738 de
1146 2671 1195 2738 iis·
1211 2693 1315 2737 usur-

256 2769 377 2846 petur,
406 2779 490 2846 quae
513 2759 548 2823 in
570 2759 771 2847 cogitatione
791 2757 971 2837 tollantur,
1003 2758 1051 2822 uti
1078 2755 1314 2844 graecumpri,
1420 2803 1421 2806 =

194 2849 196 2860 '
255 2845 367 2930 ipsum
383 2841 546 2929 significat
560 2869 604 2910 ne
621 2846 694 2933 quia
713 2843 810 2908 dicat
826 2847 894 2910 sive
916 2843 1064 2930 cogitet,
1086 2846 1315 2930 germanicum

163 2969 173 2985 ι
256 2926 448 3016 aagesetea
471 2953 545 3000 corr.
579 2931 632 3080 d]
653 2931 842 3016 comparari
871 2939 982 3017 potest
1005 2952 1048 2994 ne
1074 2931 1107 2993 in
1126 2930 1206 2995 nisi.
1248 2931 1315 2993 Sed

255 3024 334 3079 sunt
366 3015 545 3092 dictiones,
583 3016 615 3080 'n
642 3016 761 3103 quibus
793 3014 1008 3103 explanandis
1032 3013 1193 3101 ‘adhibere
1217 3015 1313 3079 nullo
1369 3017 1373 3034 '

167 3153 174 3164 ,
253 3099 361 3164 modo
387 3102 494 3189 possis
519 3100 685 3186 verbane
713 3101 848 3178 dicam,
875 3100 995 3187 quibus
1018 3099 1248 3164 adscendirnus
1271 3100 1311 3164 ad
1419 3177 1420 3180 Ἴ

253 3187 383 3252 maiora
395 3197 428 3252 et
438 3188 601 3272 graviora,
619 3209 703 3273 quae
720 3187 831 3274 eloqui
847 3207 922 3250 cum
941 3183 1082 3272 quadam
1101 3187 1314 3250 cunctatione

234 3279 238 3290 '
255 3270 425 3384 audemus.
455 3274 654 3362 Comparari
667 3275 768 3362 igitur
786 3272 906 3340 debent
921 3295 1037 3360 graeca
1057 3268 1097 3354 μή
1113 3296 1142 3348 ιι
1153 3309 1199 3350 ,τ-
1212 3295 1255 3356 ps,
1271 3270 1312 3354 μή
1419 3269 1420 3282 ’

254 3356 395 3444 esycii,
549 3369 552 3376 ⁴
685 3369 687 3373 ’

359 3478 486 3532 Absurde
507 3481 568 3532 arat
583 3475 692 3544 opinio,
711 3494 792 3547 qaam
814 3475 975 3530 Sobcllerur
998 3476 1027 3532 in
1044 3475 1189 3530 Observat-
1204 3491 1238 3544 p.
1251 3475 1314 3532 luo.

323 3547 467 3616 proposuit
479 3547 523 3600 his
535 3538 649 3600 'verbius
673 3550 791 3610 ‚medum
806 3546 916 3601 videtur
938 3564 998 3600 osso
1013 3548 1162 3614 conflatum
1183 3563 1200 3598 e
1220 3563 1254 3600 ne
1270 3548 1313 3599 di-
1418 3575 1419 3584 ι

305 3617 307 3626 “
323 3635 383 3670 enm
397 3633 447 3683 per
461 3616 710 3679 contractionem‘t

340 3727 427 3789 Vsus
445 3723 543 3792 huius
560 3727 711 3793 vocabuli
725 3740 795 3791 non
812 3725 853 3791 ad
868 3724 1095 3810 antiquissima
1110 3723 1243 3789 videtur
1259 3735 1314 3788 at-

257 3810 395 3876 tinuisse
412 3821 576 3898 tempora,
592 3813 626 3878 in
643 3813 762 3900 quibus
779 3835 822 3876 ne
842 3810 986 3897 simplex
1003 3809 1184 3876 dicebatur.
1213 3810 1313 3896 Apud
1362 3881 1364 3888 ¹

153 3901 155 3906 ’
260 3895 459 3964 Terentium
475 3897 603 3973 nedrrm
619 3898 740 3970 semel,
763 3896 851 3986 apud
870 3897 1023 3968 Plautum
1039 3917 1205 3996 nusquam
1227 3895 1314 3981 legi·
1417 3981 1418 3984 Ἴ

249 3989 323 4046 tur.
365 3981 454 4048 Nam
470 3981 605 4048 deloco
623 3985 696 4052 Cas.
715 3982 865 4066 5,4,28.
884 3982 1285 4048 vichronorrinotam.
1417 3995 1418 4018 ¹

342 4101 404 4166 Per
427 4099 555 4176 neuram
578 4124 630 4168 res
648 4103 778 4179 tollitur
794 4101 952 4182 omnino,
974 4111 1073 4188 atque
1098 4101 1219 4166 dieitur
1243 4123 1314 4166 non

258 4186 294 4251 in
310 4186 606 4268 considerationem
625 4189 748 4265 venire.
790 4187 829 4254 ld
846 4210 925 4270 vero
946 4187 981 4253 in
1006 4189 1155 4274 negativa
1177 4195 1314 4260 senten·
1416 4245 1417 4248 ,
