2876 4752
287 353 351 418 242
762 335 860 414 Ntst

391 521 465 574 Mire
484 523 527 572 cst
542 516 678 572 sententia
697 516 835 578 Waltheri
853 517 888 570 ad
904 515 988 572 Taelt
1004 478 1082 571 ian.
1099 517 1127 584 2,
1145 517 1190 572 63.
1205 519 1346 588 exposita,

309 669 312 676 .
348 605 465 674 *ellipsin
483 622 535 656 non
554 603 581 656 in
601 605 661 669 atat,
680 604 726 656 sed
747 603 782 660 in
798 605 823 658 ci
849 622 909 656 esee
930 603 1129 670 quaerendem,
1153 613 1181 656 et
1198 605 1347 672 quamdi-

355 699 401 744 ent
417 689 532 742 Tacitae
550 681 618 740 Anu.
635 688 661 756 o,
677 687 721 741 25.
737 691 788 742 aiei
803 693 827 742 ri
843 690 951 759 negatis
969 690 1101 742 elimentis
1115 691 1289 744 adsimulatus
1306 699 1347 744 eet

350 780 427 845 fiais,
444 791 653 840 esse—sensum:
679 773 741 837 nisi,
758 774 784 826 ei
802 775 875 826 torte
893 791 946 842 aen
971 776 1114 826 voluntate
1140 774 1273 828 exstincta
1292 781 1347 840 est,

353 851 538 916 adsimulatus
558 859 685 912 cattinis.
719 859 775 911 Nec
794 877 837 925 ea,
855 875 926 928 qaae
942 858 1073 912 Bremine
1097 859 1133 916 aa
1157 859 1268 913 caract.
1286 858 1345 918 Διὶ,

354 946 398 998 13.
417 945 540 1010 tradidit,
559 944 708 1014 quidquam
729 943 864 998 ell'iciunt.
1270 963 1273 968 ¹

282 1103 286 1110 ’
370 1120 425 1178 22.
469 1111 600 1178 Ac'cedo
624 1111 662 1176 arl
689 1111 850 1176 dictiones
874 1116 946 1186 eas,
978 1110 1156 1197 inquibus
1181 1111 1345 1196 praemis-

288 1223 343 1264 sae
366 1200 534 1285 negationi
550 1197 620 1262 nisi
640 1199 681 1262 ita
700 1198 894 1285 respondet,
920 1208 956 1261 ut
978 1197 1080 1276 adid,
1105 1200 1192 1284 qnod
1211 1197 1356 1284 excipis·

289 1297 353 1363 tur,
377 1285 642 1349 constituendum
676 1305 735 1372 per
769 1283 935 1366 duplicem
964 1285 1174 1365 negationem
1198 1305 1344 1370 pregre-

221 1371 223 1376 ’
276 1373 434 1436 diamur:
458 1369 558 1434 veluti
582 1369 671 1433 attat
687 1409 731 1418 --
753 1370 832 1449 nisi,
854 1393 922 1432 non
945 1368 1099 1433 uliud-
1118 1369 1198 1448 nisi,
1221 1392 1344 1432 non-

276 1459 375 1537 ·uiai,
405 1456 489 1544 quid
511 1453 606 1520 ais-it
647 1457 697 1519 De
730 1456 769 1518 iis
798 1466 930 1542 praeter
959 1456 1194 1542 grammaticae
1225 1465 1343 1518 aucto-

288 1567 341 1608 res
358 1544 580 1606 disseruerunt
595 1541 774 1622 Herzogius
792 1543 824 1605 in
842 1539 955 1604 libello
973 1563 1103 1629 saepen
1158 1564 1175 1605 e
1195 1539 1342 1614 laudato,

288 1641 320 1694 et
344 1629 517 1713 Kriigerus
534 1629 565 1690 in
585 1627 773 1691 Comment.
791 1627 831 1690 de
852 1626 1018 1690 formulae
1039 1564 1342 1775 nilaiincrliudsu·

288 1737 363 1779 cere
392 1736 495 1802 prtum
524 1713 574 1776 vel
599 1713 668 1776 taisi
697 1736 772 1776 usn.
817 1713 1018 1799 Brunsvigne
1042 1737 1071 1776 a.
1108 1715 1201 1776 1838.
1241 1713 1342 1776 cita.

286 1803 434 1887 Vterque
460 1801 662 1886 exceptionis
685 1801 861 1863 notionem
878 1801 1044 1884 agnoseit:
1074 1799 1257 1884 Herzegins
1279 1819 1344 1862 an-

277 1887 368 1964 tem,
392 1887 474 1949 bene
489 1885 674 1970 intelligens
695 1909 831 1950 omnem
846 1887 1008 1949 rationem
1027 1883 1177 1948 vocabuli
1192 1883 1263 1947 nisi
1275 1906 1344 1989 P⁰5
1401 1939 1404 1948 .

288 1974 386 2036 sitam
414 1993 483 2034 esse
513 1972 546 2034 in
580 1971 781 2056 cogitatione
805 1980 837 2034 et
865 1971 985 2035 indicio
1011 1970 1205 2057 scriptoris,
1242 1979 1342 2054 pote-

289 2069 372 2122 state
394 2056 555 2140 monendi
579 2067 611 2120 et
631 2056 859 2144 praecavendi,
882 2079 966 2144 qnae
995 2056 1083 2136 insit,
1104 2053 1139 2122 id
1164 2054 1251 2119 effici
1274 2077 1344 2142 pu·

286 2155 356 2226 tat,
387 2155 423 2207 nt
450 2141 652 2228 significetur
679 2166 748 2206 non
780 2143 841 2207 alia
872 2140 1065 2208 conditione
1095 2165 1166 2206 rem
1197 2140 1344 2228 aliquam

288 2252 370 2304 esse,
393 2229 456 2292 nisi
480 2252 527 2312 ee,
553 2251 651 2314 quam
674 2229 821 2314 scriptor
842 2251 903 2291 sne
931 2227 1054 2292 iudicio
1079 2237 1200 2292 statuat
1223 2233 1256 2290 'et
1279 2251 1343 2315 ap-

287 2316 490 2404 probaverit.
537 2317 621 2394 'Quo
647 2336 776 2392 vereor,
810 2325 847 2377 nt.
871 2315 940 2401 ipsa
965 2314 1121 2378 dictionis
1159 2313 1253 2376 huius
1280 2337 1344 2378 na-

286 2413 362 2468 tura
380 2399 581 2490 explicetur:
600 2423 678 2464 nam
695 2401 783 2487 quod
804 2399 896 2464 addit
914 2399 971 2464 ille
988 2423 1022 2488 p.
1036 2405 1086 2464 19.
1102 2399 1172 2464 nisi
1191 2421 1261 2464 esse
1277 2423 1344 2486 po·

287 2489 396 2552 nentis
421 2497 453 2551 et
475 2485 685 2564 intendentis,
707 2489 775 2550 sive
796 2509 836 2550 ee
859 2487 1024 2564 enitentis,
1055 2497 1090 2548 nt
1112 2487 1181 2550 aliis
1205 2508 1343 2572 quoquc

288 2573 485 2637 sententiam
507 2593 598 2635 enam
623 2573 806 2658 approbet:
830 2595 899 2657 quo
925 2571 991 2654 liat,
1016 2581 1052 2636 ut
1074 2571 1172 2636 huius
1196 2573 1342 2660 particu-

287 2659 339 2723 lae
367 2657 567 2744 praecipuus
593 2658 684 2720 locus
706 2660 746 2722 sit
769 2659 807 2756 ²in
833 2657 1100 2722 demonstrandis
1126 2659 1183 2737 iis,
1220 2657 1342 2744 quibus

289 2743 380 2807 dubii
405 2743 528 2830 aliquid
553 2741 726 2806 inhaerere
750 2743 917 2808 u'ideatur:
945 2743 977 2809 id
1003 2741 1087 2808 mihi
1111 2743 1246 2830 quidem
1271 2766 1342 2808 non

289 2852 331 2896 ex
355 2829 426 2916 ipsa
453 2829 634 2916 particulae
656 2839 773 2894 natura
802 2832 944 2918 petitum
971 2830 1113 2895 videtur.
1168 2829 1250 2894 lllud
1273 2852 1342 2894 non

287 2915 461 2996 miremur,
482 2915 643 3001 originem
662 2913 778 3007 harnm
797 2918 981 2980 dictionum
999 2937 1060 3004 per
1076 2937 1172 2979 usum
1190 2939 1259 2980 esse
1277 2915 1342 2979 ob-

288 3011 471 3066 scuratam:
501 2999 579 3064 narn
602 3003 813 3077 coniunctio,
845 3025 927 3089 qnae
954 3003 994 3067 ad
1022 3002 1160 3066 verbum
1179 3003 1341 3066 omissum

209 3095 211 3098 ’
282 3086 463 3152 ,referenda
488 3097 593 3168 esset,
634 3087 743 3152 induit
766 3091 912 3175 speeiem
940 3087 1102 3153 adverbii:
1133 3097 1241 3152 tamen
1267 3089 1341 3174 pri-

286 3173 400 3238 mitiva
423 3173 602 3238 verberum
625 3172 752 3238 indoles
775 3197 846 3238 non
869 3185 1000 3260 poterat
1018 3177 1147 3261 penitus
1164 3174 1339 3258 exstingui.
1424 3209 1425 3216 κ

286 3258 489 3346 Exemplum
507 3281 676 3346 apponam
703 3259 847 3324 Sallustii
861 3261 928 3350 lug.
945 3263 998 3336 85,
1016 3266 1068 3325 33.
1090 3260 1179 3324 attat
1192 3271 1340 3324 metuere
1424 3309 1425 3346 p

286 3345 357 3410 nisi
376 3357 511 3494 turpem
526 3343 682 3435 famem.
727 3347 761 3410 Si
784 3345 863 3410 haec
886 3347 926 3411 ad
954 3347 1115 3434 originem
1131 3367 1224 3410 snam
1240 3367 1340 3410 revo-

184 3487 186 3493 .
276 3453 352 3510 ‚cas,
384 3431 426 3496 ha
452 3431 519 3496 ebis
550 3429 635 3495 hanc
664 3433 879 3516 sententiam:
910 3432 1000 3496 natat
1028 3443 1196 3510 metuere„
1214 3431 1249 3498 id
1270 3453 1340 3495 non

287 3517 352 3582 diei
374 3527 498 3604 potest,
521 3517 549 3580 si
573 3515 709 3604 respicis
737 3528 871 3608 turpem
895 3517 1032 3584 famam.
1082 3517 1146 3582 Sed
1171 3529 1208 3580 ut
1230 3517 1339 3606 dupli-

287 3613 358 3668 cata
378 3605 509 3688 negatio
536 3603 572 3666 in
596 3603 666 3668 aliis
688 3604 806 3686 verbis,
839 3605 940 3668 veluti
962 3605 997 3668 in
1020 3603 1110 3670 attat
1133 3627 1213 3681 non,
1236 3626 1337 3668 num-

286 3709 395 3776 quam
410 3711 480 3752 non
501 3689 619 3753 transit
641 3689 675 3754 in
698 3689 977 3770 affirmationem,
1002 3689 1046 3754 ita
1069 3691 1168 3755 etiam
1191 3689 1282 3755 attat
1296 3726 1339 3738 -

285 3773 367 3854 nisi,
389 3796 458 3838 nen
472 3810 515 3824 -
530 3775 601 3840 nisi
618 3786 816 3863 potestatem
843 3778 1079 3842 nanciscuntur
1106 3775 1266 3864 gravioris
1287 3774 1340 3840 af-

181 3941 183 3944 .
285 3857 669 3946 fi1·mationie,qnacad
701 3863 912 3928 eximendam
936 3862 1080 3950 aliquam
1111 3884 1184 3926 rem
1203 3863 1338 3926 attinet:

286 3945 381 4030 quani
410 3946 482 4032 quis
511 3947 631 4031 cogitet
651 3967 688 4011 re
718 3969 795 4014 vera
818 3960 975 4028 metuere,
1006 3951 1031 4012 si
1055 3959 1192 4036 turpem
1215 3945 1339 4011 famam

284 4029 493 4114 respicimus.
549 4035 657 4119 Atque
683 4033 760 4098 hine
795 4034 895 4100 etiam
924 4034 1131 4122 intelligitur,
1165 4032 1338 4119 quomedo

284 4117 384 4182 verba
399 4115 580 4196 attilani,
605 4139 691 4204 qnae
708 4142 771 4206 pro
788 4143 855 4186 une
873 4121 935 4185 dici
950 4121 1114 4200 videntur,
1130 4129 1163 4186 et
1176 4141 1244 4184 uon
1259 4120 1338 4198 nisi,

285 4199 377 4292 qued
400 4213 450 4270 est
464 4201 586 4288 celum,
605 4204 646 4272 ab
667 4204 718 4272 his
734 4207 815 4297 ipsis
831 4207 997 4276 differant.
1037 4208 1124 4274 Haec
1143 4209 1233 4272 enim
1250 4205 1338 4270 indi·
