<?xml version="1.0" encoding="UTF-8"?>
<!DOCTYPE html PUBLIC "-//W3C//DTD XHTML 1.0 Transitional//EN"
    "http://www.w3.org/TR/xhtml1/DTD/xhtml1-transitional.dtd">
<html xmlns="http://www.w3.org/1999/xhtml" xml:lang="en" lang="en">
 <head>
  <title>
</title>
<meta http-equiv="Content-Type" content="text/html;charset=utf-8" />
  <meta name='ocr-system' content='tesseract 3.04.00' />
  <meta name='ocr-capabilities' content='ocr_page ocr_carea ocr_par ocr_line ocrx_word'/>
</head>
<body>
  <div class='ocr_page' id='page_1' title='image "./ferdinandihandi02torsgoog_0194.png"; bbox 0 0 2876 4752; ppageno 0'>
   <div class='ocr_carea' id='block_1_1' title="bbox 251 324 905 394">
    <p class='ocr_par' dir='ltr' id='par_1_1' title="bbox 251 324 905 394">
     <span class='ocr_line' id='line_1_1' title="bbox 251 324 905 394; baseline -0.003 0"><span class='ocrx_word' id='word_1_1' title='bbox 251 327 314 394; x_wconf 83' lang='grc'><strong>188</strong></span> <span class='ocrx_word' id='word_1_2' title='bbox 373 369 375 374; x_wconf 92' lang='grc'>-</span> <span class='ocrx_word' id='word_1_3' title='bbox 742 324 811 394; x_wconf 77' lang='lat' dir='ltr'><strong>ut.</strong></span> <span class='ocrx_word' id='word_1_4' title='bbox 903 369 905 376; x_wconf 68' lang='lat'><strong>,</strong></span> 
     </span>
    </p>
   </div>
   <div class='ocr_carea' id='block_1_2' title="bbox 140 485 1430 4288">
    <p class='ocr_par' dir='ltr' id='par_1_2' title="bbox 140 485 1430 4288">
     <span class='ocr_line' id='line_1_2' title="bbox 251 485 1308 584; baseline 0.001 -24"><span class='ocrx_word' id='word_1_5' title='bbox 251 495 343 584; x_wconf 88' lang='lat' dir='ltr'><strong>quod</strong></span> <span class='ocrx_word' id='word_1_6' title='bbox 367 504 519 581; x_wconf 81' lang='lat' dir='ltr'><strong>poterat,</strong></span> <span class='ocrx_word' id='word_1_7' title='bbox 548 485 706 562; x_wconf 87' lang='lat' dir='ltr'><strong>dirimere</strong></span> <span class='ocrx_word' id='word_1_8' title='bbox 730 503 902 561; x_wconf 70' lang='lat' dir='ltr'><strong>nunciatus</strong></span> <span class='ocrx_word' id='word_1_9' title='bbox 926 505 996 575; x_wconf 69' lang='lat' dir='ltr'><strong>cst,</strong></span> <span class='ocrx_word' id='word_1_10' title='bbox 1017 507 1050 560; x_wconf 90' lang='lat' dir='ltr'><strong>ct</strong></span> <span class='ocrx_word' id='word_1_11' title='bbox 1066 496 1100 562; x_wconf 91' lang='lat' dir='ltr'><strong>iu</strong></span> <span class='ocrx_word' id='word_1_12' title='bbox 1116 499 1308 564; x_wconf 81' lang='lat' dir='ltr'><strong>Commeat.</strong></span> 
     </span>
     <span class='ocr_line' id='line_1_3' title="bbox 250 581 1310 668; baseline 0 -20"><span class='ocrx_word' id='word_1_13' title='bbox 250 607 279 648; x_wconf 88' lang='lat' dir='ltr'><strong>a.</strong></span> <span class='ocrx_word' id='word_1_14' title='bbox 304 586 388 647; x_wconf 84' lang='grc'>1889</span> <span class='ocrx_word' id='word_1_15' title='bbox 405 583 490 646; x_wconf 87' lang='lat' dir='ltr'><strong>edita</strong></span> <span class='ocrx_word' id='word_1_16' title='bbox 509 581 607 646; x_wconf 90' lang='lat' dir='ltr'><strong>aliam</strong></span> <span class='ocrx_word' id='word_1_17' title='bbox 627 582 711 645; x_wconf 84' lang='lat' dir='ltr'><strong>viam</strong></span> <span class='ocrx_word' id='word_1_18' title='bbox 731 581 897 666; x_wconf 80' lang='lat' dir='ltr'><strong>ingressus</strong></span> <span class='ocrx_word' id='word_1_19' title='bbox 921 593 981 660; x_wconf 88' lang='lat' dir='ltr'><strong>est,</strong></span> <span class='ocrx_word' id='word_1_20' title='bbox 1004 584 1054 646; x_wconf 74' lang='lat' dir='ltr'><strong>‚in</strong></span> <span class='ocrx_word' id='word_1_21' title='bbox 1071 603 1135 668; x_wconf 90' lang='lat' dir='ltr'><strong>qua</strong></span> <span class='ocrx_word' id='word_1_22' title='bbox 1152 583 1310 668; x_wconf 76' lang='lat' dir='ltr'>equidem</span> 
     </span>
     <span class='ocr_line' id='line_1_4' title="bbox 251 666 1310 753; baseline -0.003 -18"><span class='ocrx_word' id='word_1_23' title='bbox 251 690 328 735; x_wconf 86' lang='lat' dir='ltr'><strong>eum</strong></span> <span class='ocrx_word' id='word_1_24' title='bbox 350 671 443 752; x_wconf 86' lang='lat' dir='ltr'><strong>sequi</strong></span> <span class='ocrx_word' id='word_1_25' title='bbox 466 689 534 732; x_wconf 90' lang='lat' dir='ltr'><strong>nou</strong></span> <span class='ocrx_word' id='word_1_26' title='bbox 558 687 705 753; x_wconf 83' lang='lat' dir='ltr'><strong>possum.</strong></span> <span class='ocrx_word' id='word_1_27' title='bbox 753 666 802 732; x_wconf 82' lang='lat' dir='ltr'><strong>Ni</strong></span> <span class='ocrx_word' id='word_1_28' title='bbox 833 672 942 748; x_wconf 90' lang='lat' dir='ltr'><strong>enim,</strong></span> <span class='ocrx_word' id='word_1_29' title='bbox 972 667 1063 753; x_wconf 90' lang='lat' dir='ltr'><strong>quod</strong></span> <span class='ocrx_word' id='word_1_30' title='bbox 1082 669 1116 732; x_wconf 90' lang='lat' dir='ltr'><strong>in</strong></span> <span class='ocrx_word' id='word_1_31' title='bbox 1140 669 1310 734; x_wconf 84' lang='lat' dir='ltr'><strong>conditio-</strong></span> 
     </span>
     <span class='ocr_line' id='line_1_5' title="bbox 249 752 1310 841; baseline 0 -21"><span class='ocrx_word' id='word_1_32' title='bbox 249 755 318 820; x_wconf 87' lang='lat' dir='ltr'><strong>nali</strong></span> <span class='ocrx_word' id='word_1_33' title='bbox 333 754 496 819; x_wconf 86' lang='lat' dir='ltr'><strong>sententia</strong></span> <span class='ocrx_word' id='word_1_34' title='bbox 510 752 706 829; x_wconf 82' lang='lat' dir='ltr'><strong>collocatur,</strong></span> <span class='ocrx_word' id='word_1_35' title='bbox 722 774 791 818; x_wconf 90' lang='lat' dir='ltr'><strong>nou</strong></span> <span class='ocrx_word' id='word_1_36' title='bbox 810 764 859 816; x_wconf 89' lang='lat' dir='ltr'><strong>est</strong></span> <span class='ocrx_word' id='word_1_37' title='bbox 878 775 921 816; x_wconf 81' lang='lat' dir='ltr'><strong>ex</strong></span> <span class='ocrx_word' id='word_1_38' title='bbox 936 753 1006 817; x_wconf 84' lang='lat' dir='ltr'><strong>nisi</strong></span> <span class='ocrx_word' id='word_1_39' title='bbox 1022 753 1156 832; x_wconf 89' lang='lat' dir='ltr'><strong>factum,</strong></span> <span class='ocrx_word' id='word_1_40' title='bbox 1173 756 1231 819; x_wconf 90' lang='lat' dir='ltr'><strong>sed</strong></span> <span class='ocrx_word' id='word_1_41' title='bbox 1250 757 1310 841; x_wconf 79' lang='lat' dir='ltr'><strong>p&#39;er</strong></span> 
     </span>
     <span class='ocr_line' id='line_1_6' title="bbox 140 833 1308 926; baseline 0.001 -21"><span class='ocrx_word' id='word_1_42' title='bbox 140 871 143 876; x_wconf 91' lang='lat'>·</span> <span class='ocrx_word' id='word_1_43' title='bbox 250 863 286 906; x_wconf 87' lang='lat' dir='ltr'><strong>se</strong></span> <span class='ocrx_word' id='word_1_44' title='bbox 310 850 459 920; x_wconf 82' lang='lat' dir='ltr'><strong>constat,</strong></span> <span class='ocrx_word' id='word_1_45' title='bbox 502 848 535 902; x_wconf 93' lang='lat' dir='ltr'><strong>et</strong></span> <span class='ocrx_word' id='word_1_46' title='bbox 558 838 654 902; x_wconf 89' lang='lat' dir='ltr'><strong>sicuti</strong></span> <span class='ocrx_word' id='word_1_47' title='bbox 677 860 720 902; x_wconf 84' lang='lat' dir='ltr'><strong>ne</strong></span> <span class='ocrx_word' id='word_1_48' title='bbox 749 860 810 926; x_wconf 91' lang='lat' dir='ltr'><strong>pro</strong></span> <span class='ocrx_word' id='word_1_49' title='bbox 831 850 869 901; x_wconf 86' lang='lat' dir='ltr'><strong>nt</strong></span> <span class='ocrx_word' id='word_1_50' title='bbox 893 863 936 902; x_wconf 84' lang='lat' dir='ltr'><strong>ne</strong></span> <span class='ocrx_word' id='word_1_51' title='bbox 960 833 1062 924; x_wconf 84' lang='lat' dir='ltr'><strong>accipi</strong></span> <span class='ocrx_word' id='word_1_52' title='bbox 1088 851 1197 926; x_wconf 89' lang='lat' dir='ltr'><strong>potest</strong></span> <span class='ocrx_word' id='word_1_53' title='bbox 1220 841 1308 918; x_wconf 82' lang='lat' dir='ltr'><strong>(vide</strong></span> 
     </span>
     <span class='ocr_line' id='line_1_7' title="bbox 251 921 1430 1026; baseline 0.001 -36"><span class='ocrx_word' id='word_1_54' title='bbox 251 948 287 1026; x_wconf 89' lang='lat' dir='ltr'><strong>p.</strong></span> <span class='ocrx_word' id='word_1_55' title='bbox 302 925 372 1014; x_wconf 78' lang='lat'>29.)</span> <span class='ocrx_word' id='word_1_56' title='bbox 393 935 425 990; x_wconf 88' lang='lat' dir='ltr'><strong>et</strong></span> <span class='ocrx_word' id='word_1_57' title='bbox 439 947 482 990; x_wconf 86' lang='lat' dir='ltr'><strong>ne</strong></span> <span class='ocrx_word' id='word_1_58' title='bbox 498 923 718 988; x_wconf 87' lang='lat' dir='ltr'><strong>dubitativum</strong></span> <span class='ocrx_word' id='word_1_59' title='bbox 737 922 900 1011; x_wconf 87' lang='lat' dir='ltr'><strong>significat</strong></span> <span class='ocrx_word' id='word_1_60' title='bbox 913 921 954 988; x_wconf 86' lang='lat' dir='ltr'><strong>ob</strong></span> <span class='ocrx_word' id='word_1_61' title='bbox 968 925 1062 991; x_wconf 80' lang='lat' dir='ltr'><strong>oiclrt</strong></span> <span class='ocrx_word' id='word_1_62' title='bbox 1076 925 1160 1004; x_wconf 83' lang='lat' dir='ltr'><strong>(uide</strong></span> <span class='ocrx_word' id='word_1_63' title='bbox 1176 949 1210 1013; x_wconf 90' lang='lat' dir='ltr'><strong>p.</strong></span> <span class='ocrx_word' id='word_1_64' title='bbox 1226 929 1312 1011; x_wconf 85' lang='lat'><strong>89.),</strong></span> <span class='ocrx_word' id='word_1_65' title='bbox 1429 991 1430 1008; x_wconf 56' lang='lat'><strong>,</strong></span> 
     </span>
     <span class='ocr_line' id='line_1_8' title="bbox 250 1009 1398 1100; baseline -0.001 -23"><span class='ocrx_word' id='word_1_66' title='bbox 250 1013 415 1078; x_wconf 77' lang='lat' dir='ltr'><strong>sinaites</strong></span> <span class='ocrx_word' id='word_1_67' title='bbox 434 1009 544 1076; x_wconf 83' lang='lat' dir='ltr'><strong>forma</strong></span> <span class='ocrx_word' id='word_1_68' title='bbox 570 1009 608 1075; x_wconf 83' lang='lat' dir='ltr'><strong>ai</strong></span> <span class='ocrx_word' id='word_1_69' title='bbox 629 1009 800 1074; x_wconf 84' lang='lat' dir='ltr'><strong>dicebatur</strong></span> <span class='ocrx_word' id='word_1_70' title='bbox 829 1033 892 1098; x_wconf 88' lang='lat' dir='ltr'><strong>pro</strong></span> <span class='ocrx_word' id='word_1_71' title='bbox 917 1031 977 1090; x_wconf 91' lang='lat' dir='ltr'><strong>eo,</strong></span> <span class='ocrx_word' id='word_1_72' title='bbox 1008 1011 1099 1098; x_wconf 93' lang='lat' dir='ltr'><strong>quod</strong></span> <span class='ocrx_word' id='word_1_73' title='bbox 1129 1011 1223 1076; x_wconf 89' lang='lat' dir='ltr'><strong>aliter</strong></span> <span class='ocrx_word' id='word_1_74' title='bbox 1250 1033 1312 1100; x_wconf 88' lang='lat' dir='ltr'><strong>per</strong></span> <span class='ocrx_word' id='word_1_75' title='bbox 1394 1045 1398 1054; x_wconf 92' lang='lat'>.</span> 
     </span>
     <span class='ocr_line' id='line_1_9' title="bbox 251 1095 1326 1185; baseline -0.002 -21"><span class='ocrx_word' id='word_1_76' title='bbox 251 1097 284 1164; x_wconf 84' lang='lat' dir='ltr'><strong>si</strong></span> <span class='ocrx_word' id='word_1_77' title='bbox 304 1121 373 1165; x_wconf 86' lang='lat' dir='ltr'><strong>non</strong></span> <span class='ocrx_word' id='word_1_78' title='bbox 396 1095 655 1185; x_wconf 72' lang='lat' dir='ltr'><strong>exprimebatur.</strong></span> <span class='ocrx_word' id='word_1_79' title='bbox 699 1097 818 1176; x_wconf 80' lang='lat' dir='ltr'><strong>¹Quare</strong></span> <span class='ocrx_word' id='word_1_80' title='bbox 845 1105 975 1160; x_wconf 86' lang='lat' dir='ltr'><strong>tantum</strong></span> <span class='ocrx_word' id='word_1_81' title='bbox 1006 1097 1116 1177; x_wconf 86' lang='lat' dir='ltr'><strong>abest,</strong></span> <span class='ocrx_word' id='word_1_82' title='bbox 1154 1107 1189 1160; x_wconf 91' lang='lat' dir='ltr'><strong>ut</strong></span> <span class='ocrx_word' id='word_1_83' title='bbox 1214 1098 1247 1161; x_wconf 91' lang='lat' dir='ltr'><strong>in</strong></span> <span class='ocrx_word' id='word_1_84' title='bbox 1271 1098 1326 1180; x_wconf 63' lang='lat' dir='ltr'><strong>ui*</strong></span> 
     </span>
     <span class='ocr_line' id='line_1_10' title="bbox 252 1181 1312 1270; baseline -0.001 -22"><span class='ocrx_word' id='word_1_85' title='bbox 252 1184 415 1250; x_wconf 82' lang='lat' dir='ltr'><strong>omissum</strong></span> <span class='ocrx_word' id='word_1_86' title='bbox 443 1204 513 1248; x_wconf 90' lang='lat' dir='ltr'><strong>esse</strong></span> <span class='ocrx_word' id='word_1_87' title='bbox 546 1181 578 1244; x_wconf 86' lang='lat' dir='ltr'><strong>si</strong></span> <span class='ocrx_word' id='word_1_88' title='bbox 616 1191 791 1269; x_wconf 89' lang='lat' dir='ltr'><strong>putemus,</strong></span> <span class='ocrx_word' id='word_1_89' title='bbox 837 1191 873 1246; x_wconf 92' lang='lat' dir='ltr'><strong>ut</strong></span> <span class='ocrx_word' id='word_1_90' title='bbox 906 1184 1029 1246; x_wconf 88' lang='lat' dir='ltr'><strong>elevata</strong></span> <span class='ocrx_word' id='word_1_91' title='bbox 1060 1181 1312 1270; x_wconf 83' lang='lat' dir='ltr'><strong>significatione,</strong></span> 
     </span>
     <span class='ocr_line' id='line_1_11' title="bbox 253 1265 1312 1372; baseline -0.001 -37"><span class='ocrx_word' id='word_1_92' title='bbox 253 1271 352 1354; x_wconf 86' lang='lat' dir='ltr'><strong>etiam</strong></span> <span class='ocrx_word' id='word_1_93' title='bbox 370 1293 431 1372; x_wconf 91' lang='lat' dir='ltr'><strong>per</strong></span> <span class='ocrx_word' id='word_1_94' title='bbox 451 1277 613 1331; x_wconf 88' lang='lat' dir='ltr'><strong>mutatam</strong></span> <span class='ocrx_word' id='word_1_95' title='bbox 635 1289 844 1344; x_wconf 86' lang='lat' dir='ltr'><strong>mensuram,</strong></span> <span class='ocrx_word' id='word_1_96' title='bbox 866 1267 900 1332; x_wconf 91' lang='lat' dir='ltr'><strong>iu</strong></span> <span class='ocrx_word' id='word_1_97' title='bbox 924 1268 995 1332; x_wconf 85' lang='lat' dir='ltr'><strong>nisi</strong></span> <span class='ocrx_word' id='word_1_98' title='bbox 1015 1265 1178 1333; x_wconf 77' lang='lat' dir='ltr'><strong>adiectum</strong></span> <span class='ocrx_word' id='word_1_99' title='bbox 1198 1269 1312 1334; x_wconf 86' lang='lat' dir='ltr'><strong>videa-</strong></span> 
     </span>
     <span class='ocr_line' id='line_1_12' title="bbox 251 1350 1311 1441; baseline -0.004 -19"><span class='ocrx_word' id='word_1_100' title='bbox 251 1377 327 1422; x_wconf 89' lang='lat' dir='ltr'><strong>mus</strong></span> <span class='ocrx_word' id='word_1_101' title='bbox 349 1379 391 1422; x_wconf 80' lang='lat' dir='ltr'><strong>sa.</strong></span> <span class='ocrx_word' id='word_1_102' title='bbox 434 1353 502 1434; x_wconf 91' lang='lat' dir='ltr'><strong>Qui</strong></span> <span class='ocrx_word' id='word_1_103' title='bbox 523 1355 691 1440; x_wconf 87' lang='lat' dir='ltr'><strong>vulgarem</strong></span> <span class='ocrx_word' id='word_1_104' title='bbox 710 1350 904 1441; x_wconf 84' lang='lat' dir='ltr'>opinionem</span> <span class='ocrx_word' id='word_1_105' title='bbox 925 1363 1073 1437; x_wconf 83' lang='lat' dir='ltr'><strong>tuentur,</strong></span> <span class='ocrx_word' id='word_1_106' title='bbox 1089 1377 1160 1420; x_wconf 88' lang='lat' dir='ltr'><strong>non</strong></span> <span class='ocrx_word' id='word_1_107' title='bbox 1175 1354 1311 1434; x_wconf 88' lang='lat' dir='ltr'><strong>habent,</strong></span> 
     </span>
     <span class='ocr_line' id='line_1_13' title="bbox 252 1438 1311 1530; baseline 0 -24"><span class='ocrx_word' id='word_1_108' title='bbox 252 1463 320 1530; x_wconf 90' lang='lat' dir='ltr'><strong>quo</strong></span> <span class='ocrx_word' id='word_1_109' title='bbox 350 1441 586 1506; x_wconf 83' lang='lat' dir='ltr'><strong>formationem</strong></span> <span class='ocrx_word' id='word_1_110' title='bbox 619 1438 711 1505; x_wconf 89' lang='lat' dir='ltr'><strong>verbi</strong></span> <span class='ocrx_word' id='word_1_111' title='bbox 742 1439 819 1504; x_wconf 75' lang='lat' dir='ltr'><strong>nice</strong></span> <span class='ocrx_word' id='word_1_112' title='bbox 851 1439 1046 1526; x_wconf 84' lang='lat' dir='ltr'><strong>expediant,</strong></span> <span class='ocrx_word' id='word_1_113' title='bbox 1075 1462 1136 1504; x_wconf 91' lang='lat' dir='ltr'><strong>nec</strong></span> <span class='ocrx_word' id='word_1_114' title='bbox 1160 1463 1311 1506; x_wconf 78' lang='lat' dir='ltr'><strong>caussam</strong></span> 
     </span>
     <span class='ocr_line' id='line_1_14' title="bbox 253 1525 1312 1612; baseline -0.001 -19"><span class='ocrx_word' id='word_1_115' title='bbox 253 1528 370 1593; x_wconf 75' lang='lat' dir='ltr'><strong>ailerre</strong></span> <span class='ocrx_word' id='word_1_116' title='bbox 393 1536 544 1612; x_wconf 76' lang='lat' dir='ltr'><strong>possunt,</strong></span> <span class='ocrx_word' id='word_1_117' title='bbox 567 1545 627 1588; x_wconf 91' lang='lat' dir='ltr'><strong>cur</strong></span> <span class='ocrx_word' id='word_1_118' title='bbox 648 1525 687 1588; x_wconf 88' lang='lat' dir='ltr'><strong>ni</strong></span> <span class='ocrx_word' id='word_1_119' title='bbox 713 1545 897 1611; x_wconf 86' lang='lat' dir='ltr'><strong>numquam</strong></span> <span class='ocrx_word' id='word_1_120' title='bbox 931 1525 1160 1591; x_wconf 83' lang='lat' dir='ltr'><strong>adverbialiter</strong></span> <span class='ocrx_word' id='word_1_121' title='bbox 1181 1527 1220 1592; x_wconf 88' lang='lat' dir='ltr'><strong>ad</strong></span> <span class='ocrx_word' id='word_1_122' title='bbox 1244 1549 1312 1592; x_wconf 91' lang='lat' dir='ltr'><strong>no-</strong></span> 
     </span>
     <span class='ocr_line' id='line_1_15' title="bbox 254 1610 1313 1698; baseline -0.004 -18"><span class='ocrx_word' id='word_1_123' title='bbox 254 1637 332 1680; x_wconf 87' lang='lat' dir='ltr'><strong>men</strong></span> <span class='ocrx_word' id='word_1_124' title='bbox 357 1612 492 1698; x_wconf 84' lang='lat' dir='ltr'><strong>aliquod</strong></span> <span class='ocrx_word' id='word_1_125' title='bbox 513 1621 711 1697; x_wconf 87' lang='lat' dir='ltr'><strong>apponatur,</strong></span> <span class='ocrx_word' id='word_1_126' title='bbox 730 1632 791 1674; x_wconf 89' lang='lat' dir='ltr'><strong>nce</strong></span> <span class='ocrx_word' id='word_1_127' title='bbox 815 1610 942 1688; x_wconf 84' lang='lat' dir='ltr'><strong>dicatur</strong></span> <span class='ocrx_word' id='word_1_128' title='bbox 963 1612 1003 1676; x_wconf 84' lang='lat' dir='ltr'><strong>ni</strong></span> <span class='ocrx_word' id='word_1_129' title='bbox 1015 1621 1151 1689; x_wconf 70' lang='lat' dir='ltr'><strong>tamen,</strong></span> <span class='ocrx_word' id='word_1_130' title='bbox 1168 1613 1207 1678; x_wconf 86' lang='lat' dir='ltr'><strong>ni</strong></span> <span class='ocrx_word' id='word_1_131' title='bbox 1221 1635 1313 1690; x_wconf 76' lang='lat' dir='ltr'><strong>cero,</strong></span> 
     </span>
     <span class='ocr_line' id='line_1_16' title="bbox 253 1695 1313 1787; baseline -0.004 -21"><span class='ocrx_word' id='word_1_132' title='bbox 253 1701 292 1766; x_wconf 84' lang='lat' dir='ltr'><strong>ni</strong></span> <span class='ocrx_word' id='word_1_133' title='bbox 316 1698 422 1787; x_wconf 83' lang='lat' dir='ltr'><strong>quod,</strong></span> <span class='ocrx_word' id='word_1_134' title='bbox 467 1697 506 1762; x_wconf 86' lang='lat' dir='ltr'><strong>ni</strong></span> <span class='ocrx_word' id='word_1_135' title='bbox 536 1697 649 1784; x_wconf 77' lang='lat' dir='ltr'><strong>quior</strong></span> <span class='ocrx_word' id='word_1_136' title='bbox 683 1717 885 1783; x_wconf 87' lang='lat' dir='ltr'><strong>quamquam</strong></span> <span class='ocrx_word' id='word_1_137' title='bbox 921 1695 966 1762; x_wconf 89' lang='lat' dir='ltr'><strong>ita</strong></span> <span class='ocrx_word' id='word_1_138' title='bbox 992 1698 1178 1773; x_wconf 74' lang='lat' dir='ltr'><strong>Goerenzio</strong></span> <span class='ocrx_word' id='word_1_139' title='bbox 1206 1699 1313 1771; x_wconf 81' lang='lat' dir='ltr'><strong>visum</strong></span> 
     </span>
     <span class='ocr_line' id='line_1_17' title="bbox 253 1783 1313 1870; baseline -0.002 -20"><span class='ocrx_word' id='word_1_140' title='bbox 253 1797 313 1850; x_wconf 90' lang='lat' dir='ltr'><strong>est.</strong></span> <span class='ocrx_word' id='word_1_141' title='bbox 358 1787 513 1850; x_wconf 86' lang='lat' dir='ltr'><strong>Ceterum</strong></span> <span class='ocrx_word' id='word_1_142' title='bbox 538 1793 731 1869; x_wconf 89' lang='lat' dir='ltr'><strong>utrumque·</strong></span> <span class='ocrx_word' id='word_1_143' title='bbox 745 1783 944 1848; x_wconf 79' lang='lat' dir='ltr'><strong>uocabulum</strong></span> <span class='ocrx_word' id='word_1_144' title='bbox 965 1783 1202 1870; x_wconf 84' lang='lat' dir='ltr'><strong>antiquissimis</strong></span> <span class='ocrx_word' id='word_1_145' title='bbox 1223 1795 1313 1850; x_wconf 89' lang='lat' dir='ltr'><strong>tem-</strong></span> 
     </span>
     <span class='ocr_line' id='line_1_18' title="bbox 252 1868 1313 1959; baseline 0.002 -25"><span class='ocrx_word' id='word_1_146' title='bbox 252 1869 392 1959; x_wconf 85' lang='lat' dir='ltr'><strong>poribus</strong></span> <span class='ocrx_word' id='word_1_147' title='bbox 420 1868 662 1954; x_wconf 85' lang='lat' dir='ltr'><strong>usurpabatur,</strong></span> <span class='ocrx_word' id='word_1_148' title='bbox 700 1878 738 1932; x_wconf 89' lang='lat' dir='ltr'><strong>ut</strong></span> <span class='ocrx_word' id='word_1_149' title='bbox 767 1870 927 1934; x_wconf 83' lang='lat' dir='ltr'><strong>vetustior</strong></span> <span class='ocrx_word' id='word_1_150' title='bbox 960 1879 1046 1933; x_wconf 90' lang='lat' dir='ltr'><strong>actas</strong></span> <span class='ocrx_word' id='word_1_151' title='bbox 1078 1869 1173 1936; x_wconf 88' lang='lat' dir='ltr'><strong>alteri</strong></span> <span class='ocrx_word' id='word_1_152' title='bbox 1192 1869 1232 1936; x_wconf 87' lang='lat' dir='ltr'><strong>ni</strong></span> <span class='ocrx_word' id='word_1_153' title='bbox 1251 1891 1313 1936; x_wconf 86' lang='lat' dir='ltr'><strong>ue-</strong></span> 
     </span>
     <span class='ocr_line' id='line_1_19' title="bbox 254 1956 568 2046; baseline -0.013 -24"><span class='ocrx_word' id='word_1_154' title='bbox 254 1967 354 2046; x_wconf 84' lang='lat' dir='ltr'><strong>queut</strong></span> <span class='ocrx_word' id='word_1_155' title='bbox 374 1956 544 2041; x_wconf 77' lang='lat' dir='ltr'><strong>assignari.</strong></span> <span class='ocrx_word' id='word_1_156' title='bbox 565 2029 568 2036; x_wconf 92' lang='lat'>.</span> 
     </span>
     <span class='ocr_line' id='line_1_20' title="bbox 339 2035 1315 2126; baseline -0.002 -20"><span class='ocrx_word' id='word_1_157' title='bbox 339 2047 367 2108; x_wconf 84' lang='lat'><strong>1.</strong></span> <span class='ocrx_word' id='word_1_158' title='bbox 387 2037 436 2108; x_wconf 85' lang='lat' dir='ltr'><strong>Ni</strong></span> <span class='ocrx_word' id='word_1_159' title='bbox 453 2041 551 2125; x_wconf 86' lang='lat' dir='ltr'><strong>igitur</strong></span> <span class='ocrx_word' id='word_1_160' title='bbox 567 2038 655 2105; x_wconf 92' lang='lat' dir='ltr'><strong>idem</strong></span> <span class='ocrx_word' id='word_1_161' title='bbox 676 2047 743 2115; x_wconf 84' lang='lat' dir='ltr'><strong>est,</strong></span> <span class='ocrx_word' id='word_1_162' title='bbox 761 2035 849 2122; x_wconf 87' lang='lat' dir='ltr'><strong>quod</strong></span> <span class='ocrx_word' id='word_1_163' title='bbox 868 2037 900 2104; x_wconf 89' lang='lat' dir='ltr'><strong>si</strong></span> <span class='ocrx_word' id='word_1_164' title='bbox 915 2061 994 2118; x_wconf 84' lang='lat' dir='ltr'><strong>non,</strong></span> <span class='ocrx_word' id='word_1_165' title='bbox 1020 2059 1080 2104; x_wconf 89' lang='lat' dir='ltr'><strong>nee</strong></span> <span class='ocrx_word' id='word_1_166' title='bbox 1096 2059 1256 2126; x_wconf 90' lang='lat' dir='ltr'><strong>umquam</strong></span> <span class='ocrx_word' id='word_1_167' title='bbox 1279 2040 1315 2104; x_wconf 89' lang='lat' dir='ltr'><strong>in</strong></span> 
     </span>
     <span class='ocr_line' id='line_1_21' title="bbox 254 2123 1317 2226; baseline -0.004 -32"><span class='ocrx_word' id='word_1_168' title='bbox 254 2129 295 2195; x_wconf 91' lang='lat' dir='ltr'><strong>iis</strong></span> <span class='ocrx_word' id='word_1_169' title='bbox 321 2127 501 2205; x_wconf 73' lang='lat' dir='ltr'><strong>sententiis,</strong></span> <span class='ocrx_word' id='word_1_170' title='bbox 528 2128 563 2190; x_wconf 91' lang='lat' dir='ltr'><strong>in</strong></span> <span class='ocrx_word' id='word_1_171' title='bbox 585 2126 703 2211; x_wconf 89' lang='lat' dir='ltr'><strong>quibus</strong></span> <span class='ocrx_word' id='word_1_172' title='bbox 720 2123 791 2188; x_wconf 85' lang='lat' dir='ltr'><strong>nisi</strong></span> <span class='ocrx_word' id='word_1_173' title='bbox 805 2123 849 2186; x_wconf 94' lang='lat' dir='ltr'><strong>ob</strong></span> <span class='ocrx_word' id='word_1_174' title='bbox 868 2126 1097 2211; x_wconf 85' lang='lat' dir='ltr'><strong>exceptionem</strong></span> <span class='ocrx_word' id='word_1_175' title='bbox 1121 2126 1317 2226; x_wconf 61' lang='lat' dir='ltr'><strong>requiritpn</strong></span> 
     </span>
     <span class='ocr_line' id='line_1_22' title="bbox 255 2209 1323 2301; baseline -0.002 -23"><span class='ocrx_word' id='word_1_176' title='bbox 255 2215 296 2282; x_wconf 92' lang='lat' dir='ltr'><strong>ab</strong></span> <span class='ocrx_word' id='word_1_177' title='bbox 313 2213 456 2301; x_wconf 87' lang='lat' dir='ltr'><strong>antiquis</strong></span> <span class='ocrx_word' id='word_1_178' title='bbox 481 2213 617 2298; x_wconf 92' lang='lat' dir='ltr'><strong>quidem</strong></span> <span class='ocrx_word' id='word_1_179' title='bbox 641 2209 857 2298; x_wconf 87' lang='lat' dir='ltr'><strong>scriptoribus</strong></span> <span class='ocrx_word' id='word_1_180' title='bbox 883 2221 930 2274; x_wconf 86' lang='lat' dir='ltr'><strong>est</strong></span> <span class='ocrx_word' id='word_1_181' title='bbox 957 2212 1115 2296; x_wconf 88' lang='lat' dir='ltr'><strong>positum.</strong></span> <span class='ocrx_word' id='word_1_182' title='bbox 1159 2211 1222 2276; x_wconf 91' lang='lat' dir='ltr'><strong>Vbi</strong></span> <span class='ocrx_word' id='word_1_183' title='bbox 1246 2225 1323 2282; x_wconf 70' lang='lat' dir='ltr'><strong>au«,</strong></span> 
     </span>
     <span class='ocr_line' id='line_1_23' title="bbox 254 2297 1316 2384; baseline 0.001 -23"><span class='ocrx_word' id='word_1_184' title='bbox 254 2312 324 2366; x_wconf 88' lang='lat' dir='ltr'><strong>tem</strong></span> <span class='ocrx_word' id='word_1_185' title='bbox 356 2297 534 2364; x_wconf 85' lang='lat' dir='ltr'><strong>dicendum</strong></span> <span class='ocrx_word' id='word_1_186' title='bbox 561 2308 631 2362; x_wconf 84' lang='lat' dir='ltr'><strong>erat</strong></span> <span class='ocrx_word' id='word_1_187' title='bbox 659 2297 690 2361; x_wconf 85' lang='lat' dir='ltr'><strong>si</strong></span> <span class='ocrx_word' id='word_1_188' title='bbox 721 2319 800 2374; x_wconf 77' lang='lat' dir='ltr'><strong>non,</strong></span> <span class='ocrx_word' id='word_1_189' title='bbox 825 2299 920 2360; x_wconf 86' lang='lat' dir='ltr'><strong>etiam</strong></span> <span class='ocrx_word' id='word_1_190' title='bbox 945 2297 1008 2360; x_wconf 89' lang='lat' dir='ltr'><strong>dici</strong></span> <span class='ocrx_word' id='word_1_191' title='bbox 1032 2307 1164 2384; x_wconf 85' lang='lat' dir='ltr'><strong>poterat</strong></span> <span class='ocrx_word' id='word_1_192' title='bbox 1184 2297 1234 2375; x_wconf 84' lang='lat' dir='ltr'><strong>ni,</strong></span> <span class='ocrx_word' id='word_1_193' title='bbox 1257 2297 1316 2362; x_wconf 89' lang='lat' dir='ltr'><strong>sed</strong></span> 
     </span>
     <span class='ocr_line' id='line_1_24' title="bbox 256 2383 1317 2468; baseline -0.004 -16"><span class='ocrx_word' id='word_1_194' title='bbox 256 2388 301 2452; x_wconf 87' lang='lat' dir='ltr'><strong>ita</strong></span> <span class='ocrx_word' id='word_1_195' title='bbox 324 2396 361 2449; x_wconf 92' lang='lat' dir='ltr'><strong>ut</strong></span> <span class='ocrx_word' id='word_1_196' title='bbox 380 2385 419 2450; x_wconf 85' lang='lat' dir='ltr'><strong>ni</strong></span> <span class='ocrx_word' id='word_1_197' title='bbox 435 2383 479 2464; x_wconf 80' lang='lat' dir='ltr'><strong>‚ad</strong></span> <span class='ocrx_word' id='word_1_198' title='bbox 503 2395 607 2448; x_wconf 88' lang='lat' dir='ltr'><strong>totam</strong></span> <span class='ocrx_word' id='word_1_199' title='bbox 629 2383 825 2447; x_wconf 86' lang='lat' dir='ltr'><strong>sententiam</strong></span> <span class='ocrx_word' id='word_1_200' title='bbox 852 2383 1043 2468; x_wconf 85' lang='lat' dir='ltr'><strong>pertineret,</strong></span> <span class='ocrx_word' id='word_1_201' title='bbox 1067 2383 1237 2446; x_wconf 81' lang='lat' dir='ltr'><strong>insinno</strong></span> <span class='ocrx_word' id='word_1_202' title='bbox 1254 2405 1317 2448; x_wconf 90' lang='lat' dir='ltr'><strong>ne·</strong></span> 
     </span>
     <span class='ocr_line' id='line_1_25' title="bbox 280 2467 1317 2554; baseline -0.002 -18"><span class='ocrx_word' id='word_1_203' title='bbox 280 2474 345 2536; x_wconf 88' lang='lat' dir='ltr'><strong>a&#39;tio</strong></span> <span class='ocrx_word' id='word_1_204' title='bbox 369 2471 513 2535; x_wconf 90' lang='lat' dir='ltr'><strong>seiuncta</strong></span> <span class='ocrx_word' id='word_1_205' title='bbox 538 2469 707 2534; x_wconf 79' lang='lat' dir='ltr'><strong>ardunum</strong></span> <span class='ocrx_word' id='word_1_206' title='bbox 742 2469 876 2552; x_wconf 88' lang='lat' dir='ltr'><strong>aliquod</strong></span> <span class='ocrx_word' id='word_1_207' title='bbox 901 2467 1098 2532; x_wconf 85' lang='lat' dir='ltr'><strong>vocabulum</strong></span> <span class='ocrx_word' id='word_1_208' title='bbox 1123 2469 1317 2554; x_wconf 70' lang='lat' dir='ltr'><strong>referretur.</strong></span> 
     </span>
     <span class='ocr_line' id='line_1_26' title="bbox 255 2497 1317 2650; baseline -0.003 -28"><span class='ocrx_word' id='word_1_209' title='bbox 255 2497 294 2622; x_wconf 63' lang='lat' dir='ltr'><strong>fn</strong></span> <span class='ocrx_word' id='word_1_210' title='bbox 316 2567 459 2650; x_wconf 76' lang='lat' dir='ltr'><strong>utroque</strong></span> <span class='ocrx_word' id='word_1_211' title='bbox 483 2567 593 2620; x_wconf 87' lang='lat' dir='ltr'><strong>tamen</strong></span> <span class='ocrx_word' id='word_1_212' title='bbox 617 2554 747 2640; x_wconf 85' lang='lat' dir='ltr'><strong>negatio</strong></span> <span class='ocrx_word' id='word_1_213' title='bbox 771 2557 934 2617; x_wconf 85' lang='lat' dir='ltr'><strong>maiorem</strong></span> <span class='ocrx_word' id='word_1_214' title='bbox 968 2553 1031 2618; x_wconf 89' lang='lat' dir='ltr'><strong>vim</strong></span> <span class='ocrx_word' id='word_1_215' title='bbox 1065 2553 1184 2636; x_wconf 81' lang='lat' dir='ltr'><strong>babet,</strong></span> <span class='ocrx_word' id='word_1_216' title='bbox 1225 2555 1317 2619; x_wconf 89' lang='lat' dir='ltr'><strong>unde</strong></span> 
     </span>
     <span class='ocr_line' id='line_1_27' title="bbox 256 2637 1315 2726; baseline -0.002 -19"><span class='ocrx_word' id='word_1_217' title='bbox 256 2641 304 2713; x_wconf 83' lang='lat' dir='ltr'><strong>fit,</strong></span> <span class='ocrx_word' id='word_1_218' title='bbox 331 2653 368 2705; x_wconf 90' lang='lat' dir='ltr'><strong>ut</strong></span> <span class='ocrx_word' id='word_1_219' title='bbox 387 2639 619 2704; x_wconf 87' lang='lat' dir='ltr'><strong>conditionalis</strong></span> <span class='ocrx_word' id='word_1_220' title='bbox 640 2637 797 2724; x_wconf 89' lang='lat' dir='ltr'><strong>particula</strong></span> <span class='ocrx_word' id='word_1_221' title='bbox 815 2638 846 2702; x_wconf 92' lang='lat' dir='ltr'><strong>in</strong></span> <span class='ocrx_word' id='word_1_222' title='bbox 869 2639 908 2703; x_wconf 84' lang='lat' dir='ltr'><strong>ni</strong></span> <span class='ocrx_word' id='word_1_223' title='bbox 932 2639 1042 2703; x_wconf 89' lang='lat' dir='ltr'><strong>omitti</strong></span> <span class='ocrx_word' id='word_1_224' title='bbox 1067 2641 1183 2726; x_wconf 89' lang='lat' dir='ltr'><strong>possit.</strong></span> <span class='ocrx_word' id='word_1_225' title='bbox 1225 2642 1315 2705; x_wconf 88' lang='lat' dir='ltr'><strong>Ger·</strong></span> 
     </span>
     <span class='ocr_line' id='line_1_28' title="bbox 258 2724 1317 2810; baseline -0.002 -17"><span class='ocrx_word' id='word_1_226' title='bbox 258 2729 349 2794; x_wconf 88' lang='lat' dir='ltr'><strong>mani</strong></span> <span class='ocrx_word' id='word_1_227' title='bbox 369 2727 485 2792; x_wconf 86' lang='lat' dir='ltr'><strong>eodem</strong></span> <span class='ocrx_word' id='word_1_228' title='bbox 506 2727 609 2790; x_wconf 90' lang='lat' dir='ltr'><strong>modo</strong></span> <span class='ocrx_word' id='word_1_229' title='bbox 630 2724 814 2810; x_wconf 88' lang='lat' dir='ltr'><strong>loquuntur</strong></span> <span class='ocrx_word' id='word_1_230' title='bbox 831 2732 925 2789; x_wconf 74' lang='lat' dir='ltr'><strong>write</strong></span> <span class='ocrx_word' id='word_1_231' title='bbox 943 2747 977 2790; x_wconf 90' lang='lat' dir='ltr'><strong>es</strong></span> <span class='ocrx_word' id='word_1_232' title='bbox 998 2727 1104 2790; x_wconf 73' lang='lat' dir='ltr'><strong>nicht.</strong></span> <span class='ocrx_word' id='word_1_233' title='bbox 1137 2727 1180 2788; x_wconf 84' lang='lat' dir='ltr'><strong>Vt</strong></span> <span class='ocrx_word' id='word_1_234' title='bbox 1197 2749 1317 2791; x_wconf 80' lang='lat' dir='ltr'><strong>exem-</strong></span> 
     </span>
     <span class='ocr_line' id='line_1_29' title="bbox 258 2810 1318 2902; baseline -0.001 -25"><span class='ocrx_word' id='word_1_235' title='bbox 258 2814 350 2902; x_wconf 88' lang='lat' dir='ltr'><strong>plum</strong></span> <span class='ocrx_word' id='word_1_236' title='bbox 377 2835 559 2898; x_wconf 87' lang='lat' dir='ltr'><strong>apponam,</strong></span> <span class='ocrx_word' id='word_1_237' title='bbox 585 2811 675 2896; x_wconf 89' lang='lat' dir='ltr'><strong>quod</strong></span> <span class='ocrx_word' id='word_1_238' title='bbox 702 2810 834 2873; x_wconf 83' lang='lat' dir='ltr'><strong>Plautus</strong></span> <span class='ocrx_word' id='word_1_239' title='bbox 858 2811 942 2874; x_wconf 86' lang='lat' dir='ltr'><strong>dixit</strong></span> <span class='ocrx_word' id='word_1_240' title='bbox 965 2812 1143 2894; x_wconf 63' lang='lat' dir='ltr'><strong>cisi-na,</strong></span> <span class='ocrx_word' id='word_1_241' title='bbox 1162 2817 1318 2876; x_wconf 80' lang='lat' dir='ltr'><strong>81.a·am</strong></span> 
     </span>
     <span class='ocr_line' id='line_1_30' title="bbox 257 2894 1317 2983; baseline -0.002 -19"><span class='ocrx_word' id='word_1_242' title='bbox 257 2899 297 2964; x_wconf 84' lang='lat' dir='ltr'><strong>ni</strong></span> <span class='ocrx_word' id='word_1_243' title='bbox 325 2898 519 2976; x_wconf 84' lang='lat' dir='ltr'><strong>intellexes,</strong></span> <span class='ocrx_word' id='word_1_244' title='bbox 558 2918 744 2983; x_wconf 82' lang='lat' dir='ltr'><strong>nrrmquum</strong></span> <span class='ocrx_word' id='word_1_245' title='bbox 770 2894 872 2961; x_wconf 76' lang='lat' dir='ltr'><strong>erecto</strong></span> <span class='ocrx_word' id='word_1_246' title='bbox 900 2897 1094 2963; x_wconf 81' lang='lat' dir='ltr'><strong>amitteres:</strong></span> <span class='ocrx_word' id='word_1_247' title='bbox 1133 2897 1198 2962; x_wconf 92' lang='lat' dir='ltr'><strong>boc</strong></span> <span class='ocrx_word' id='word_1_248' title='bbox 1220 2899 1317 2962; x_wconf 88' lang='lat' dir='ltr'><strong>nullo</strong></span> 
     </span>
     <span class='ocr_line' id='line_1_31' title="bbox 257 2981 1320 3070; baseline 0 -22"><span class='ocrx_word' id='word_1_249' title='bbox 257 2994 354 3070; x_wconf 89' lang='lat' dir='ltr'><strong>pacto</strong></span> <span class='ocrx_word' id='word_1_250' title='bbox 380 2993 511 3070; x_wconf 87' lang='lat' dir='ltr'><strong>poterat</strong></span> <span class='ocrx_word' id='word_1_251' title='bbox 537 2981 599 3046; x_wconf 78' lang='lat' dir='ltr'><strong>ilici</strong></span> <span class='ocrx_word' id='word_1_252' title='bbox 642 2982 713 3048; x_wconf 85' lang='lat' dir='ltr'><strong>nisi</strong></span> <span class='ocrx_word' id='word_1_253' title='bbox 735 2981 929 3054; x_wconf 79' lang='lat' dir='ltr'><strong>intellexes,</strong></span> <span class='ocrx_word' id='word_1_254' title='bbox 961 2984 1017 3047; x_wconf 91' lang='lat' dir='ltr'><strong>sed</strong></span> <span class='ocrx_word' id='word_1_255' title='bbox 1041 2992 1174 3070; x_wconf 87' lang='lat' dir='ltr'><strong>poterat</strong></span> <span class='ocrx_word' id='word_1_256' title='bbox 1195 2985 1227 3048; x_wconf 86' lang='lat' dir='ltr'><strong>si</strong></span> <span class='ocrx_word' id='word_1_257' title='bbox 1247 3007 1320 3049; x_wconf 80' lang='lat' dir='ltr'><strong>non</strong></span> 
     </span>
     <span class='ocr_line' id='line_1_32' title="bbox 256 3067 1427 3155; baseline -0.001 -20"><span class='ocrx_word' id='word_1_258' title='bbox 256 3069 441 3136; x_wconf 79' lang='lat' dir='ltr'><strong>intellexes.</strong></span> <span class='ocrx_word' id='word_1_259' title='bbox 490 3068 570 3133; x_wconf 72' lang='lat' dir='ltr'><strong>Lin</strong></span> <span class='ocrx_word' id='word_1_260' title='bbox 592 3073 630 3146; x_wconf 91' lang='lat'><strong>8,</strong></span> <span class='ocrx_word' id='word_1_261' title='bbox 663 3073 721 3145; x_wconf 89' lang='grc'><strong>10,</strong></span> <span class='ocrx_word' id='word_1_262' title='bbox 751 3074 803 3155; x_wconf 73' lang='grc'>19.</span> <span class='ocrx_word' id='word_1_263' title='bbox 833 3069 866 3131; x_wconf 81' lang='grc' dir='ltr'><strong>εἰ</strong></span> <span class='ocrx_word' id='word_1_264' title='bbox 892 3067 922 3130; x_wconf 86' lang='lat' dir='ltr'><strong>is</strong></span> <span class='ocrx_word' id='word_1_265' title='bbox 943 3069 1062 3148; x_wconf 79' lang='lat' dir='ltr'><strong>homo,</strong></span> <span class='ocrx_word' id='word_1_266' title='bbox 1091 3071 1150 3155; x_wconf 85' lang='lat' dir='ltr'><strong>qui</strong></span> <span class='ocrx_word' id='word_1_267' title='bbox 1179 3069 1319 3136; x_wconf 75' lang='lat' dir='ltr'><strong>decorus</strong></span> <span class='ocrx_word' id='word_1_268' title='bbox 1426 3089 1427 3092; x_wconf 74' lang='grc'>’</span> 
     </span>
     <span class='ocr_line' id='line_1_33' title="bbox 168 3149 1320 3240; baseline 0 -22"><span class='ocrx_word' id='word_1_269' title='bbox 168 3214 172 3218; x_wconf 90' lang='grc'>.</span> <span class='ocrx_word' id='word_1_270' title='bbox 258 3167 318 3235; x_wconf 84' lang='lat' dir='ltr'><strong>est,</strong></span> <span class='ocrx_word' id='word_1_271' title='bbox 337 3157 492 3232; x_wconf 69' lang='lat' dir='ltr'><strong>moritur,</strong></span> <span class='ocrx_word' id='word_1_272' title='bbox 519 3153 637 3240; x_wconf 22' lang='lat' dir='ltr'><strong>*probe</strong></span> <span class='ocrx_word' id='word_1_273' title='bbox 660 3149 793 3234; x_wconf 74' lang='lat' dir='ltr'><strong>farctum</strong></span> <span class='ocrx_word' id='word_1_274' title='bbox 820 3153 948 3218; x_wconf 76' lang='lat' dir='ltr'><strong>videri.-</strong></span> <span class='ocrx_word' id='word_1_275' title='bbox 990 3155 1029 3218; x_wconf 83' lang='lat' dir='ltr'><strong>ni</strong></span> <span class='ocrx_word' id='word_1_276' title='bbox 1052 3156 1216 3234; x_wconf 81' lang='lat' dir='ltr'><strong>moritur,</strong></span> <span class='ocrx_word' id='word_1_277' title='bbox 1246 3168 1320 3220; x_wconf 81' lang='lat' dir='ltr'><strong>tum</strong></span> 
     </span>
     <span class='ocr_line' id='line_1_34' title="bbox 257 3226 1320 3333; baseline -0.001 -27"><span class='ocrx_word' id='word_1_278' title='bbox 257 3243 398 3330; x_wconf 82' lang='lat' dir='ltr'><strong>signnm</strong></span> <span class='ocrx_word' id='word_1_279' title='bbox 426 3251 566 3328; x_wconf 23' lang='lat' dir='ltr'><strong>,septem</strong></span> <span class='ocrx_word' id='word_1_280' title='bbox 594 3226 699 3326; x_wconf 82' lang='lat' dir='ltr'><strong>perles</strong></span> <span class='ocrx_word' id='word_1_281' title='bbox 737 3239 848 3302; x_wconf 81' lang='lat' dir='ltr'><strong>alttrm</strong></span> <span class='ocrx_word' id='word_1_282' title='bbox 868 3275 914 3288; x_wconf 89' lang='lat'>—</span> <span class='ocrx_word' id='word_1_283' title='bbox 946 3239 1002 3321; x_wconf 16' lang='lat' dir='ltr'><strong>,in</strong></span> <span class='ocrx_word' id='word_1_284' title='bbox 1032 3251 1164 3305; x_wconf 84' lang='lat' dir='ltr'><strong>terram</strong></span> <span class='ocrx_word' id='word_1_285' title='bbox 1199 3241 1320 3333; x_wconf 74' lang='lat' dir='ltr'><strong>desodi</strong></span> 
     </span>
     <span class='ocr_line' id='line_1_35' title="bbox 258 3324 1426 3414; baseline -0.003 -21"><span class='ocrx_word' id='word_1_286' title='bbox 258 3339 293 3394; x_wconf 85' lang='lat' dir='ltr'><strong>ct</strong></span> <span class='ocrx_word' id='word_1_287' title='bbox 323 3327 505 3414; x_wconf 81' lang='lat' dir='ltr'><strong>piaculum</strong></span> <span class='ocrx_word' id='word_1_288' title='bbox 546 3326 661 3390; x_wconf 76' lang='lat' dir='ltr'><strong>hostio</strong></span> <span class='ocrx_word' id='word_1_289' title='bbox 689 3324 813 3398; x_wconf 30' lang='lat' dir='ltr'><strong>recedi.</strong></span> <span class='ocrx_word' id='word_1_290' title='bbox 885 3324 1073 3390; x_wconf 82' lang='lat' dir='ltr'><strong>Absurdum</strong></span> <span class='ocrx_word' id='word_1_291' title='bbox 1109 3336 1196 3390; x_wconf 86' lang='lat' dir='ltr'><strong>esset</strong></span> <span class='ocrx_word' id='word_1_292' title='bbox 1238 3327 1320 3392; x_wconf 84' lang='lat' dir='ltr'><strong>nisi.</strong></span> <span class='ocrx_word' id='word_1_293' title='bbox 1425 3365 1426 3414; x_wconf 62' lang='lat'>3</span> 
     </span>
     <span class='ocr_line' id='line_1_36' title="bbox 258 3410 1426 3498; baseline 0 -18"><span class='ocrx_word' id='word_1_294' title='bbox 258 3413 356 3498; x_wconf 78' lang='lat' dir='ltr'><strong>Apud</strong></span> <span class='ocrx_word' id='word_1_295' title='bbox 398 3413 570 3477; x_wconf 86' lang='lat' dir='ltr'><strong>Horatium</strong></span> <span class='ocrx_word' id='word_1_296' title='bbox 617 3410 721 3494; x_wconf 86' lang='lat' dir='ltr'><strong>Epist.</strong></span> <span class='ocrx_word' id='word_1_297' title='bbox 763 3417 801 3491; x_wconf 91' lang='lat'><strong>1,</strong></span> <span class='ocrx_word' id='word_1_298' title='bbox 834 3414 873 3488; x_wconf 80' lang='lat'><strong>2,</strong></span> <span class='ocrx_word' id='word_1_299' title='bbox 913 3411 966 3474; x_wconf 78' lang='lat' dir='ltr'><strong>st.</strong></span> <span class='ocrx_word' id='word_1_300' title='bbox 999 3411 1038 3475; x_wconf 84' lang='lat' dir='ltr'><strong>ni</strong></span> <span class='ocrx_word' id='word_1_301' title='bbox 1069 3433 1192 3497; x_wconf 86' lang='lat' dir='ltr'><strong>posces</strong></span> <span class='ocrx_word' id='word_1_302' title='bbox 1236 3421 1320 3477; x_wconf 80' lang='lat' dir='ltr'><strong>ante</strong></span> <span class='ocrx_word' id='word_1_303' title='bbox 1425 3419 1426 3480; x_wconf 84' lang='lat' dir='ltr'><strong>l</strong></span> 
     </span>
     <span class='ocr_line' id='line_1_37' title="bbox 258 3495 1387 3570; baseline -0.002 -8"><span class='ocrx_word' id='word_1_304' title='bbox 258 3499 353 3562; x_wconf 80' lang='lat' dir='ltr'><strong>diem</strong></span> <span class='ocrx_word' id='word_1_305' title='bbox 374 3497 499 3562; x_wconf 86' lang='lat' dir='ltr'><strong>librum</strong></span> <span class='ocrx_word' id='word_1_306' title='bbox 528 3518 605 3560; x_wconf 83' lang='lat' dir='ltr'><strong>cnm</strong></span> <span class='ocrx_word' id='word_1_307' title='bbox 634 3495 778 3570; x_wconf 81' lang='lat' dir='ltr'><strong>lrrmine,</strong></span> <span class='ocrx_word' id='word_1_308' title='bbox 823 3496 951 3560; x_wconf 84' lang='lat' dir='ltr'><strong>sinon</strong></span> <span class='ocrx_word' id='word_1_309' title='bbox 972 3497 1128 3562; x_wconf 83' lang='lat' dir='ltr'><strong>intendes</strong></span> <span class='ocrx_word' id='word_1_310' title='bbox 1163 3498 1322 3562; x_wconf 76' lang='lat' dir='ltr'><strong>citimum</strong></span> <span class='ocrx_word' id='word_1_311' title='bbox 1383 3531 1387 3538; x_wconf 91' lang='lat'>·</span> 
     </span>
     <span class='ocr_line' id='line_1_38' title="bbox 241 3580 1322 3670; baseline 0.003 -24"><span class='ocrx_word' id='word_1_312' title='bbox 241 3583 384 3648; x_wconf 66' lang='lat' dir='ltr'><strong>‘stradiis</strong></span> <span class='ocrx_word' id='word_1_313' title='bbox 410 3595 442 3647; x_wconf 83' lang='lat' dir='ltr'><strong>et</strong></span> <span class='ocrx_word' id='word_1_314' title='bbox 467 3581 565 3648; x_wconf 83' lang='lat' dir='ltr'><strong>rebus</strong></span> <span class='ocrx_word' id='word_1_315' title='bbox 592 3581 752 3659; x_wconf 80' lang='lat' dir='ltr'><strong>honestis,</strong></span> <span class='ocrx_word' id='word_1_316' title='bbox 773 3580 907 3646; x_wconf 80' lang='lat' dir='ltr'><strong>invidia</strong></span> <span class='ocrx_word' id='word_1_317' title='bbox 927 3582 978 3645; x_wconf 84' lang='lat' dir='ltr'><strong>vel</strong></span> <span class='ocrx_word' id='word_1_318' title='bbox 999 3605 1117 3648; x_wconf 84' lang='lat' dir='ltr'><strong>unrore</strong></span> <span class='ocrx_word' id='word_1_319' title='bbox 1139 3584 1228 3670; x_wconf 77' lang='lat' dir='ltr'><strong>uigil</strong></span> <span class='ocrx_word' id='word_1_320' title='bbox 1248 3595 1322 3649; x_wconf 82' lang='lat' dir='ltr'><strong>tor-</strong></span> 
     </span>
     <span class='ocr_line' id='line_1_39' title="bbox 259 3667 1349 3756; baseline 0.003 -25"><span class='ocrx_word' id='word_1_321' title='bbox 259 3667 409 3756; x_wconf 82' lang='lat' dir='ltr'><strong>quebere.</strong></span> <span class='ocrx_word' id='word_1_322' title='bbox 432 3668 488 3732; x_wconf 94' lang='lat' dir='ltr'><strong>ubi</strong></span> <span class='ocrx_word' id='word_1_323' title='bbox 509 3670 541 3731; x_wconf 83' lang='lat' dir='ltr'><strong>si</strong></span> <span class='ocrx_word' id='word_1_324' title='bbox 562 3691 630 3731; x_wconf 84' lang='lat' dir='ltr'><strong>aon</strong></span> <span class='ocrx_word' id='word_1_325' title='bbox 651 3667 738 3730; x_wconf 85' lang='lat' dir='ltr'><strong>idem</strong></span> <span class='ocrx_word' id='word_1_326' title='bbox 764 3677 829 3744; x_wconf 87' lang='lat' dir='ltr'><strong>est,</strong></span> <span class='ocrx_word' id='word_1_327' title='bbox 860 3667 1020 3754; x_wconf 84' lang='lat' dir='ltr'><strong>quodni.</strong></span> <span class='ocrx_word' id='word_1_328' title='bbox 1078 3671 1178 3750; x_wconf 90' lang='lat' dir='ltr'><strong>Quod</strong></span> <span class='ocrx_word' id='word_1_329' title='bbox 1208 3671 1349 3734; x_wconf 83' lang='lat' dir='ltr'><strong>Lirius·</strong></span> 
     </span>
     <span class='ocr_line' id='line_1_40' title="bbox 261 3750 1323 3838; baseline 0.002 -20"><span class='ocrx_word' id='word_1_330' title='bbox 261 3763 292 3834; x_wconf 82' lang='lat'><strong>1,</strong></span> <span class='ocrx_word' id='word_1_331' title='bbox 316 3760 370 3826; x_wconf 78' lang='lat'><strong>22,</strong></span> <span class='ocrx_word' id='word_1_332' title='bbox 395 3758 427 3838; x_wconf 73' lang='lat'><strong>6,</strong></span> <span class='ocrx_word' id='word_1_333' title='bbox 449 3751 714 3826; x_wconf 65' lang='lat' dir='ltr'><strong>strinientur,</strong></span> <span class='ocrx_word' id='word_1_334' title='bbox 737 3750 861 3817; x_wconf 81' lang='lat' dir='ltr'><strong>bellum</strong></span> <span class='ocrx_word' id='word_1_335' title='bbox 892 3753 1045 3818; x_wconf 82' lang='lat' dir='ltr'><strong>indicere</strong></span> <span class='ocrx_word' id='word_1_336' title='bbox 1063 3756 1199 3833; x_wconf 38' lang='lat' dir='ltr'><strong>,iussoar</strong></span> <span class='ocrx_word' id='word_1_337' title='bbox 1230 3756 1323 3820; x_wconf 89' lang='lat' dir='ltr'><strong>idom</strong></span> 
     </span>
     <span class='ocr_line' id='line_1_41' title="bbox 167 3838 1321 3926; baseline 0.002 -24"><span class='ocrx_word' id='word_1_338' title='bbox 167 3877 170 3890; x_wconf 87' lang='lat'>·</span> <span class='ocrx_word' id='word_1_339' title='bbox 245 3846 292 3918; x_wconf 87' lang='lat'><strong>.1,</strong></span> <span class='ocrx_word' id='word_1_340' title='bbox 314 3844 374 3915; x_wconf 77' lang='lat'><strong>52,</strong></span> <span class='ocrx_word' id='word_1_341' title='bbox 405 3843 437 3902; x_wconf 85' lang='lat'><strong>9.</strong></span> <span class='ocrx_word' id='word_1_342' title='bbox 470 3839 502 3902; x_wconf 84' lang='lat' dir='ltr'><strong>si</strong></span> <span class='ocrx_word' id='word_1_343' title='bbox 522 3862 592 3902; x_wconf 84' lang='lat' dir='ltr'><strong>non</strong></span> <span class='ocrx_word' id='word_1_344' title='bbox 615 3838 804 3916; x_wconf 73' lang='lat' dir='ltr'><strong>dedra-ntur,</strong></span> <span class='ocrx_word' id='word_1_345' title='bbox 838 3862 919 3925; x_wconf 81' lang='lat' dir='ltr'><strong>quos</strong></span> <span class='ocrx_word' id='word_1_346' title='bbox 941 3842 1091 3926; x_wconf 77' lang='lat' dir='ltr'><strong>exposcit</strong></span> <span class='ocrx_word' id='word_1_347' title='bbox 1114 3879 1155 3892; x_wconf 83' lang='lat'><strong>-</strong></span> <span class='ocrx_word' id='word_1_348' title='bbox 1193 3839 1321 3906; x_wconf 78' lang='lat' dir='ltr'><strong>bellum</strong></span> 
     </span>
     <span class='ocr_line' id='line_1_42' title="bbox 189 3923 1325 4011; baseline 0.003 -23"><span class='ocrx_word' id='word_1_349' title='bbox 189 3925 191 3930; x_wconf 79' lang='grc'><strong>’</strong></span> <span class='ocrx_word' id='word_1_350' title='bbox 259 3923 314 3988; x_wconf 82' lang='lat' dir='ltr'><strong>ita</strong></span> <span class='ocrx_word' id='word_1_351' title='bbox 346 3923 482 3988; x_wconf 82' lang='lat' dir='ltr'><strong>indicit.</strong></span> <span class='ocrx_word' id='word_1_352' title='bbox 557 3925 716 4004; x_wconf 80' lang='lat' dir='ltr'><strong>Quamvis</strong></span> <span class='ocrx_word' id='word_1_353' title='bbox 752 3923 854 4011; x_wconf 83' lang='lat' dir='ltr'><strong>igitur</strong></span> <span class='ocrx_word' id='word_1_354' title='bbox 888 3925 927 3990; x_wconf 87' lang='lat' dir='ltr'><strong>ni</strong></span> <span class='ocrx_word' id='word_1_355' title='bbox 959 3929 1145 3991; x_wconf 81' lang='lat' dir='ltr'><strong>inveniatur</strong></span> <span class='ocrx_word' id='word_1_356' title='bbox 1181 3929 1325 4011; x_wconf 92' lang='lat' dir='ltr'><strong>quibus-</strong></span> 
     </span>
     <span class='ocr_line' id='line_1_43' title="bbox 262 4009 1373 4100; baseline 0.005 -26"><span class='ocrx_word' id='word_1_357' title='bbox 262 4009 341 4074; x_wconf 84' lang='lat' dir='ltr'><strong>dam</strong></span> <span class='ocrx_word' id='word_1_358' title='bbox 370 4011 406 4074; x_wconf 90' lang='lat' dir='ltr'><strong>in</strong></span> <span class='ocrx_word' id='word_1_359' title='bbox 437 4009 529 4087; x_wconf 89' lang='lat' dir='ltr'><strong>locis,</strong></span> <span class='ocrx_word' id='word_1_360' title='bbox 555 4012 593 4072; x_wconf 89' lang='lat' dir='ltr'><strong>in</strong></span> <span class='ocrx_word' id='word_1_361' title='bbox 626 4011 745 4094; x_wconf 91' lang='lat' dir='ltr'><strong>quibus</strong></span> <span class='ocrx_word' id='word_1_362' title='bbox 775 4009 873 4073; x_wconf 88' lang='lat' dir='ltr'><strong>etiam</strong></span> <span class='ocrx_word' id='word_1_363' title='bbox 907 4011 975 4075; x_wconf 84' lang='lat' dir='ltr'><strong>nisi</strong></span> <span class='ocrx_word' id='word_1_364' title='bbox 1002 4015 1083 4097; x_wconf 90' lang='lat' dir='ltr'><strong>poni</strong></span> <span class='ocrx_word' id='word_1_365' title='bbox 1106 4013 1233 4100; x_wconf 79' lang='lat' dir='ltr'><strong>possit,</strong></span> <span class='ocrx_word' id='word_1_366' title='bbox 1258 4015 1323 4079; x_wconf 86' lang='lat' dir='ltr'><strong>alia</strong></span> <span class='ocrx_word' id='word_1_367' title='bbox 1367 4052 1373 4060; x_wconf 79' lang='lat'>=</span> 
     </span>
     <span class='ocr_line' id='line_1_44' title="bbox 261 4095 1423 4182; baseline 0.006 -26"><span class='ocrx_word' id='word_1_368' title='bbox 261 4105 374 4160; x_wconf 87' lang='lat' dir='ltr'><strong>tamen</strong></span> <span class='ocrx_word' id='word_1_369' title='bbox 393 4105 441 4158; x_wconf 81' lang='lat' dir='ltr'><strong>est</strong></span> <span class='ocrx_word' id='word_1_370' title='bbox 463 4095 706 4159; x_wconf 84' lang='lat' dir='ltr'><strong>sententiarum·</strong></span> <span class='ocrx_word' id='word_1_371' title='bbox 724 4097 821 4166; x_wconf 85' lang='lat' dir='ltr'><strong>ratio,</strong></span> <span class='ocrx_word' id='word_1_372' title='bbox 846 4117 943 4180; x_wconf 89' lang='lat' dir='ltr'><strong>quam</strong></span> <span class='ocrx_word' id='word_1_373' title='bbox 959 4099 1136 4182; x_wconf 87' lang='lat' dir='ltr'><strong>scriptores</strong></span> <span class='ocrx_word' id='word_1_374' title='bbox 1154 4097 1329 4163; x_wconf 85' lang='lat' dir='ltr'><strong>recontio-.</strong></span> <span class='ocrx_word' id='word_1_375' title='bbox 1421 4137 1423 4146; x_wconf 37' lang='grc' dir='ltr'><strong><em>ι</em></strong></span> 
     </span>
     <span class='ocr_line' id='line_1_45' title="bbox 259 4179 1372 4288; baseline 0 -38"><span class='ocrx_word' id='word_1_376' title='bbox 259 4183 306 4250; x_wconf 84' lang='lat' dir='ltr'><strong>ris</strong></span> <span class='ocrx_word' id='word_1_377' title='bbox 327 4181 441 4260; x_wconf 75' lang='lat' dir='ltr'><strong>aetatis</strong></span> <span class='ocrx_word' id='word_1_378' title='bbox 463 4180 682 4269; x_wconf 79' lang='lat' dir='ltr'><strong>conantique</strong></span> <span class='ocrx_word' id='word_1_379' title='bbox 700 4179 867 4269; x_wconf 82' lang='lat' dir='ltr'><strong>diligentia</strong></span> <span class='ocrx_word' id='word_1_380' title='bbox 882 4195 1055 4251; x_wconf 82' lang='lat' dir='ltr'><strong>curarunt:</strong></span> <span class='ocrx_word' id='word_1_381' title='bbox 1075 4203 1184 4276; x_wconf 83' lang='lat' dir='ltr'><strong>neque</strong></span> <span class='ocrx_word' id='word_1_382' title='bbox 1203 4184 1241 4252; x_wconf 86' lang='lat' dir='ltr'><strong>in</strong></span> <span class='ocrx_word' id='word_1_383' title='bbox 1260 4208 1330 4256; x_wconf 83' lang='lat' dir='ltr'><strong>au·,</strong></span> <span class='ocrx_word' id='word_1_384' title='bbox 1363 4261 1372 4288; x_wconf 44' lang='lat'>⁸</span> 
     </span>
    </p>
   </div>
   <div class='ocr_carea' id='block_1_3' title="bbox 0 0 1457 4752">
    <p class='ocr_par' dir='ltr' id='par_1_3' title="bbox 0 0 1457 4752">
     <span class='ocr_line' id='line_1_46' title="bbox 0 0 1457 4752; baseline 0 0"><span class='ocrx_word' id='word_1_385' title='bbox 0 0 1457 4752; x_wconf 95' lang='lat' dir='ltr'><strong> </strong></span> 
     </span>
    </p>
   </div>
  </div>
 </body>
</html>
