2860 4756
595 287 667 356 NE.
757 329 772 340 -
1117 288 1171 356 mi

119 500 123 508 .
166 480 195 534 ρ.
209 459 255 520 aa
289 457 371 538 quoa
386 458 485 518 caan
500 459 620 530 ..eran-n
641 459 676 517 a·
691 439 786 516 ‘aare
799 453 844 522 aa,
858 433 902 512 aa.
919 423 990 526 ,aa
1007 455 1059 512 m
1081 459 1170 514 aa..

167 549 273 614 αιίοο,
291 548 337 600 aad
354 547 479 604 setim
495 547 600 616 quiden
616 547 706 617 digna
722 553 775 600 eata
792 544 822 598 id
835 543 876 598 la.
894 542 1038 598 Sambon
1056 541 1160 597 Patiar.

164 631 242 698 M.
273 633 343 703 qaod
371 631 476 704 quidem
505 649 560 688 aaa
582 632 782 697 marcaico,
813 630 858 686 ted
881 643 920 687 aa
947 627 1030 684 teter·
1054 627 1161 682 mina

166 719 282 790 dignam
298 724 347 776 ert.

296 941 297 948 κ
347 886 448 974 ΝΕ
483 881 894 976 dubitativum.

186 1052 431 1142 Quaecumque
452 1054 613 1138 dubitatio
636 1045 744 1144 prope
776 1051 903 1123 accedit
933 1054 975 1121 ad
1005 1057 1159 1144 negatio-

101 1133 198 1207 n'ema
219 1139 439 1228 iuterrogatio
465 1152 576 1210 autem
599 1141 632 1207 in
656 1163 691 1206 se
714 1137 831 1221 habet,
861 1140 904 1208 de
926 1163 1014 1229 quo.
1045 1153 1159 1213 utrum

99 1225 141 1290 sit
165 1247 209 1292 an
232 1227 384 1308 nonsit,
407 1225 596 1294 dubitemus
623 1225 765 1313 ideoque
790 1247 996 1327 quaeramus.
1046 1230 1160 1311 Quare

100 1310 312 1380 Hermannua
328 1312 448 1400 aliique
465 1313 659 1393 docuerunt,
675 1313 1081 1400 inomnriuterrogatione
1094 1315 1159 1382 ali·

100 1417 206 1483 quam
219 1399 431 1484 negationem
441 1400 558 1468 inesse.
578 1402 684 1486 Atque
695 1393 927 1486 hneeipsafuit
939 1421 1064 1476 cauam
1074 1422 1160 1488 qua·

100 1504 164 1570 pro
193 1493 245 1550 tor
259 1507 321 1564 ne,
346 1487 571 1572 quadrageni,
593 1483 754 1570 particula
773 1481 867 1550 fieret
889 1484 1160 1570 interrogationis

19 1651 20 1654 Ἴ
101 1577 134 1634 et
173 1567 374 1634 ubitntionis.
417 1571 444 1636 li
460 1576 550 1638 enirn
565 1571 792 1656 grammatici,
814 1569 1160 1657 quidicuntneuihil

101 1652 306 1743 significare,
327 1656 392 1722 nisi
410 1667 447 1722 ut
461 1657 731 1746 interrogationis
748 1655 896 1726 formam
916 1657 1085 1744 exprimat
1108 1657 1161 1724 rel

104 1737 399 1826 interrogationem
415 1743 584 1817 intendat,
606 1764 676 1808 non
692 1742 770 1809 satis
785 1741 883 1811 distin
909 1753 992 1812 uunt
1006 1745 1178 1830 negatio-1

100 1843 178 1890 nem
194 1826 236 1891 ab
253 1826 404 1925 negativa
420 1829 548 1916 origine
562 1828 841 1916 interrogationis.
883 1764 969 1896 dam
991 1827 1072 1896 dum
1097 1829 1175 1895 du-.
1200 1823 1203 1838 '

101 1909 195 2000 liito,
216 1933 279 1978 nec
298 1933 365 1976 acro
385 1935 427 1978 au
444 1917 487 1980 eit
504 1923 627 1979 resaut
645 1913 817 2002 quamsit,
837 1923 936 2014 atque
959 1911 1035 1980 ideo
1059 1937 1162 2004 quae·
1194 1989 1196 1996 s

100 2019 161 2077 ro,
182 1998 220 2062 in
245 1997 359 2063 animo
376 2008 475 2082 teneo
499 2001 710 2087 negationem
736 1997 985 2064 affirmationis:
1013 1999 1161 2088 alioquin
1192 2014 1193 2023 ’

19 2161 20 2168 ¹
101 2083 333 2169 quaestionem
349 2106 417 2150 non
434 2084 538 2165 facio,
560 2084 617 2150 sed
636 2081 780 2150 affirmo.
811 2083 930 2172 Neque
945 2083 968 2148 ii
982 2095 1060 2149 sunt
1075 2109 1161 2176 pro·

100 2167 221 2243 bandi,
245 2169 302 2256 qui
319 2169 447 2255 dicunt,
477 2171 674 2238 sententiam
691 2191 752 2258 pec
772 2191 816 2234 ne
832 2169 877 2234 ita
899 2169 1060 2258 signatam
1086 2193 1168 2238 ma=

99 2277 149 2407 gra
172 2253 214 2320 ad
239 2253 471 2324 affirmandam
491 2265 592 2346 quam
621 2255 663 2321 ad
686 2253 873 2406 negqndam
893 2275 967 2320 rem
991 2255 1162 2334 inclinare..

130 2351 292 2430 numque
309 2341 399 2410 enim
419 2341 491 2408 fieri
510 2351 621 2436 potest
635 2361 739 2428 aequa
751 2363 764 2406 r
778 2342 866 2408 nisu.

216 2446 319 2529 Erant,
347 2462 396 2533 qni
409 2462 609 2547 [praeciperent
630 2479 662 2516 ae
681 2478 734 2515 non
757 2478 817 2516 aeae
841 2460 975 2526 verbnm,
997 2459 1046 2516 aad
1069 2448 1161 2532 sylla-
1279 2462 1281 2470 “

169 2547 263 2616 ham,
284 2566 356 2618 quae
377 2543 536 2618 vocabulis,
557 2547 657 2617 quibua
671 2545 835 2614 adiicietur,
855 2545 914 2600 vim
935 2545 1057 2611 iuuat,
1074 2563 1161 2615 pree·-

121 2621 123 2624 ’
169 2631 268 2687 sertim
307 2634 544 2706 interrogativum.
611 2631 681 2686 Vide
713 2631 838 2688 Turneb.
868 2630 1016 2685 arverno.
1049 2629 1103 2696 28,
1134 2630 1162 2686 1.

130 2717 145 2750 '³
169 2715 343 2775 Schmidtius
363 2721 392 2776 iu
409 2717 727 2790 Ephemerid.‚11alena.
744 2715 822 2771 1821.
841 2733 869 2768 n.
882 2714 945 2768 ²18.
980 2714 1100 2769 Wclllua
1125 2715 1162 2776 aa

171 2801 232 2858 cic.
249 2805 332 2860 Tusa.
355 2803 382 2871 5,
405 2804 449 2871 12,
464 2803 508 2857 35.
541 2805 583 2858 De
607 2819 662 2872 qua
683 2819 715 2858 ro
735 2801 814 2855 nobie
835 2799 982 2856 dicentium
1008 2798 1063 2852 erit
1088 2816 1116 2854 n.
1133 2797 1162 2854 4.

170 2887 292 2960 Scripsit
307 2890 342 2944 dc
357 2890 411 2946 huc
426 2887 563 2960 particula
577 2885 834 2940 commentationem
848 2885 983 2942 IuGottl.
996 2883 1163 2956 Dillingiua,

168 2975 288 3030 Plania
303 2993 328 3030 a.
340 2973 417 3030 1834.
432 2973 542 3028 editam.
575 2973 663 3030 Nemo
678 2989 745 3024 vero
758 2971 894 3026 incautius
910 2969 939 3022 in
954 2970 1008 3024 hae
1020 2985 1052 3025 re
1069 2985 1163 3024 varm-

169 3063 217 3112 tua
234 3065 277 3114 act
289 3077 371 3130 quam
386 3059 544 3114 Priscianus
562 3057 606 3114 lo.
627 3076 654 3127 p.
669 3055 745 3110 loct.
779 3055 851 3110 Nam
863 3061 1008 3124 postquam
1028 3069 1163 3124 exposue-

122 3137 124 3142 ’
171 3135 235 3212 rat,¹
250 3164 283 3198 ne
298 3151 327 3198 et
346 3144 545 3200 dubitationem
568 3142 728 3214 significare
746 3146 774 3194 et
796 3140 826 3194 in
846 3129 1065 3208 interrogatione
1089 3137 1164 3208 poni,

107 3247 115 3256 ·
168 3229 297 3298 loquitur
311 3231 346 3284 de
361 3230 391 3284 vi
409 3216 618 3300 ronfirmativass
637 3225 746 3280 collatis
759 3212 906 3294 'exemplis
925 3239 1038 3291 prorsus
1065 3219 1164 3276 alienia
1203 3297 1208 3305 .

170 3320 202 3368 et
231 3315 306 3368 mate
340 3315 471 3386 expositis
499 3314 554 3380 ita,
581 3321 612 3369 ut
642 3312 678 3368 ad
707 3317 862 3365 extremum
891 3307 991 3374 nddnta
1026 3313 1065 3360 eat
1094 3309 1184 3360 enim.

166 3417 217 3472 pru
230 3401 320 3456 etiam.

186 3533 216 3600 Ι.
243 3540 273 3601 1.
298 3534 369 3600 lam
387 3555 466 3602 vero
484 3531 752 3622 interrogationis
768 3539 801 3596 et
822 3537 931 3594 rectae
955 3535 988 3591 et
1010 3522 1163 3612 obliquae

100 3616 230 3706 triplex
248 3631 298 3685 est
320 3635 435 3709 genus.
478 3608 624 3688 Primum
647 3622 737 3695 enim
762 3616 948 3703 quaeritur,
972 3633 1088 3708 auree
1109 3612 1163 3689 ait,

102 3702 319 3794 simplicitate
343 3707 432 3792 qnod
452 3707 661 3774 voculatioue
682 3703 883 3790 exprimitur
899 3709 931 3765 et
950 3695 1067 3771 ordine
1087 3717 1162 3761 rer·

102 3785 241 3858 borum.
285 3793 354 3858 Cic.
378 3793 472 3858 Verr.
496 3799 528 3871 3,
545 3796 598 3872 57,
620 3797 692 3856 132.
714 3801 752 3854 ta
774 3786 813 3852 id
835 3779 1032 3851 nesciebas?
1073 3781 1163 3846 Fre-

102 3875 219 3944 mebat
253 3890 330 3944 tota
362 3879 557 3965 provincia.
617 3876 725 3942 Nemo
756 3870 888 3937 idtibi
918 3863 1166 3936 renuntiabat?

71 3987 76 3992 ·
102 3961 233 4030 Deinde
249 3986 328 4038 vero
351 3966 677 4050 enuntiati0,2quam
703 3958 974 4047 problematicnm
998 3953 1165 4041 appellare

103 4050 270 4132 solemus,
291 4050 477 4116 deflectitur
491 4051 530 4116 ad
546 4049 758 4136 negationem
776 4054 851 4110 ante
867 4049 1060 4127 occupatam
1070 4083 1080 4115 ‚
1101 4057 1165 4124 qua

105 4137 362 4226 cogitamus-id,
387 4137 428 4204 de
445 4157 511 4226 quo
528 4135 714 4224 quaeritur,
736 4154 807 4197 uon
823 4149 892 4196 essa
911 4136 969 4195 aut
982 4145 1051 4190 non
1066 4141 1163 4213 pocae
