2836 4752
424 295 699 432 sauocvn.
839 419 843 434 δ
1064 351 1129 440 sss

73 529 131 586 cat
153 538 298 604 movere,
315 539 427 608 neque
439 519 628 608 precellere
644 529 694 587 est
731 539 926 586 removere.-
945 529 1042 607 atque
1057 521 1130 610 syl-

72 608 153 672 laba
169 607 221 681 ul,
245 631 345 696 quam
387 607 566 672 rimltivam
579 629 649 672 esse
667 541 877 685 arbitrantur,
905 607 1131 673 terminationi

72 695 224 772 inservit,
247 715 291 759 ex
308 631 434 760 aeolico
456 698 529 768 υλος
540 692 594 778 (de
610 715 677 779 quo
691 689 906 756 Blomfieldus
923 691 962 756 ad
977 690 1131 780 Aeschyl.

71 775 250 845 Prometh.
284 781 372 866 214.)
397 787 486 855 orta,
514 778 609 844 sicuti
633 780 668 842 in
684 775 836 842 cons-ui
864 799 929 865 pro
964 777 1131 860 conscius,

73 865 194 930 ear-ui
220 863 386 952 (alioquin
408 862 557 928 Catullus
583 886 652 928 non
685 863 847 950 potuisset
874 885 933 950 per
963 887 978 926 s
1006 865 1131 929 sinesin

72 953 299 1038 pronuntiare
316 951 448 1032 ea’les).
463 945 612 1034 fac-ul,
636 949 783 1026 sim-ul,
805 969 867 1037 pro
882 885 1014 1015 simuib.
1042 950 1132 1016 Proc

73 1046 189 1100 autem
211 1047 316 1102 exstat
331 1040 364 1102 in
384 1055 597 1122 proc-erus,
622 1055 798 1124 pron-er,
824 1055 976 1132 proc-o,
1003 1034 1133 1122 signifi-

74 1142 157 1184 cans
181 1123 321 1186 modum
346 1144 408 1211 pro
434 1118 582 1184 rediendi
600 1119 856 1208 velprostand1‚
883 1141 945 1184 nec
967 1120 1132 1188 absonum

73 1206 210 1272 videtur
232 1209 332 1272 etiam
356 1208 390 1272 in
444 1227 482 1269 ac
509 1206 665 1272 litterae
691 1206 944 1270 monstrativum
977 1219 1133 1273 naturam

73 1313 264 1390 agnoscere.
306 1291 494 1370 Proculus,
515 1291 542 1356 si
558 1301 687 1381 praeter
703 1312 892 1376 cognomen
909 1291 942 1356 in
958 1314 1018 1358 usu
1032 1316 1133 1358 man-

73 1387 184 1528 srsscelt
204 1379 355 1458 essetis,
376 1379 434 1466 qui
451 1377 655 1464 aliquantum
670 1397 866 1467 progressus
882 1387 932 1442 est
956 1380 1025 1445 sive
1047 1399 1132 1468 pro·

73 1484 138 1548 gre
163 1475 239 1529 rtur.

74 1589 81 1598 ’
182 1583 242 1637 Iam
249 1583 410 1638 Perizonius
419 1581 455 1636 ml
464 1580 571 1658 sanctii
583 1581 652 1634 Min.
667 1579 744 1648 1,14.
760 1569 831 1652 pega
843 1596 910 1634 vero
925 1581 1047 1636 derivem
1062 1583 1135 1638 illuri

148 1669 242 1738 potins
257 1670 294 1722 ab
310 1669 424 1737 antiquo
440 1686 533 1739 praem
551 1669 580 1720 lv.
596 1683 621 1720 c.
639 1683 806 1736 promoveo,
829 1681 963 1735 provocas
985 1667 1058 1721 uude
1068 1687 1134 1740 pso·

148 1755 229 1808 utum
240 1753 271 1808 in
284 1754 390 1822 supinis
405 1757 435 1808 et
447 1754 576 1823 prccitme
590 1751 662 1820 npurl
678 1753 823 1806 Festum.“

79 1939 83 1948 ,
168 1877 198 1936 1.
221 1872 350 1939 Procul
364 1871 526 1959 signifieat
546 1868 670 1955 aliquid
692 1891 773 1944 esse,
803 1891 871 1934 nou
892 1869 929 1934 in
952 1871 1133 1958 conspicuo

77 1957 193 2042 aliquo
215 1959 291 2024 loco
312 1961 424 2038 situm,
440 1978 548 2044 neque
565 1957 655 2020 iuxta
674 1955 819 2040 aliquam
835 1978 906 2020 rem
921 1957 1135 2040 collocatum,

77 2043 140 2108 sed
167 2069 185 2109 a
214 2045 289 2110 loco
322 2045 433 2131 aliquo
456 2052 642 2120 remotum,
679 2042 771 2126 quasi
800 2041 840 2105 ab
873 2063 913 2106 eo
936 2043 1134 2129 procedens.

77 2130 195 2210 Quare
210 2133 429 2219 componitur
447 2151 522 2194 curn
545 2125 738 2192 nominibus
767 2149 827 2213 per
852 2129 1135 2217 praepositionem

78 2227 123 2280 α.
160 2215 271 2282 Livius
288 2218 391 2304 etqui
410 2225 486 2303 post
502 2235 578 2279 eum
596 2212 748 2276 vixerunt
763 2214 946 2277 omiserunt
961 2215 1136 2304 praeposi·

78 2303 229 2382 tionem,
248 2325 344 2390 saepe
360 2326 378 2366 a
393 2301 532 2366 librariis
547 2319 662 2364 rursus
680 2297 848 2363 adiectam.
887 2299 1035 2364 Fortasse
1052 2322 1136 2390 poe·
1153 2321 1157 2332 ·

78 2397 266 2466 tacerent,
290 2390 346 2475 qui
363 2387 464 2476 primi
480 2383 666 2471 simplicem
681 2383 856 2448 ablativum
875 2397 1049 2472 ponerent.
1076 2387 1136 2451 Ci-

79 2495 160 2538 cero
178 2475 267 2538 enim
285 2495 446 2560 nusquam
462 2472 507 2536 ita
526 2472 684 2556 loquutus
701 2481 761 2545 est,
782 2471 843 2536 nisi
866 2471 900 2535 in
916 2473 1052 2548 Arateis,
1077 2471 1136 2536 sed

79 2559 218 2624 Ennius.
260 2560 423 2626 Distantia
442 2568 551 2622 autem
575 2557 630 2622 illa
653 2578 766 2620 rerum
792 2579 860 2622 nou
888 2567 1009 2622 certam
1035 2557 1137 2624 habet

79 2659 293 2725 mensuram,
315 2648 380 2710 sive
396 2645 505 2708 maior
523 2652 589 2722 est3
618 2643 686 2706 sive
709 2645 841 2707 minor:
874 2643 942 2729 ipsa
968 2646 1057 2708 enim
1081 2667 1138 2712 re-

79 2733 192 2796 motio
208 2743 256 2796 est
271 2753 370 2818 quam
387 2741 586 2817 spectemus.
605 2727 757 2792 'Glossae
778 2729 819 2792 H.
845 2727 1022 2814 Stephani:
1050 2751 1137 2816 pro·

82 2815 156 2892 cul,
189 2818 274 2901 ἐγγὺς
302 2819 353 2882 καὶ
383 2813 518 2898 μακρὰν,
553 2815 603 2878 καὶ
620 2810 793 2899 πόῤῥωθεν.
844 2815 1002 2880 Germani
1025 2816 1139 2880 dicunt

72 2898 179 2990 serre,
203 2903 240 2966 in
262 2901 324 2968 der
344 2903 468 2968 Ferae.
512 2901 782 2966 Contraria-sunt
806 2899 962 2966 vocabula
986 2903 1139 2966 cominus

83 2997 119 3052 et
138 2988 237 3052 iuxta
251 2997 283 3050 et
296 3011 417 3075 prope,
441 2987 548 3052 simile
563 3009 581 3051 e
596 2985 794 3072 longinquo,
815 3009 884 3072 quo
902 2998 1015 3052 tamen
1033 2989 1140 3052 maior

85 3073 240 3138 distantia
262 3095 376 3138 rerum
398 3083 543 3138 notatur.
589 3071 653 3136 seu
673 3073 867 3160 interpretes
890 3072 947 3137 ubi
970 3094 1036 3138 non
1065 3095 1139 3137 ma-

85 3181 186 3244 guam
212 3181 284 3223 esee
311 3157 499 3224 distantiam
524 3155 692 3237 videraut,
725 3158 835 3240 ipsum
859 3158 983 3244 procul
1010 3157 1139 3244 signifi-

86 3265 163 3308 care
181 3245 332 3309 dicebant
340 3255 465 3331 prope.
511 3242 692 3308 Burmann.
709 3245 747 3308 ad
765 3245 885 3308 Lucan.
901 3248 931 3320 8,
956 3246 1029 3310 757.
1053 3245 1140 3310 Dra-

84 3329 275 3396 kenborch.
307 3331 342 3394 in
366 3327 539 3394 Observat.
567 3327 705 3394 Miscell.
732 3329 775 3394 T.
801 3337 829 3394 1.
853 3353 885 3416 p.
906 3333 980 3394 386.
1005 3340 1037 3393 et
1064 3341 1140 3396 ante

86 3437 145 3479 eos
171 3416 352 3480 Palmarius
371 3414 585 3501 inSpicileg.
609 3437 641 3499 p.
657 3418 730 3478 782.
782 3414 895 3480 Servio
917 3415 1140 3496 crediderunt,

111 3501 145 3564 ui
156 3500 196 3564 ad
211 3501 328 3588 Virgil.
339 3504 420 3566 Aen.
437 3504 467 3580 6,
482 3505 532 3566 10.
549 3499 697 3586 scripsit:
717 3498 890 3586 duplicem
904 3498 1006 3566 taber
1024 3502 1056 3564 si
1082 3502 1140 3566 ui-

76 3523 286 3674 plectionem
301 3598 334 3650 et
350 3587 449 3650 iuxta
474 3596 507 3650 et
530 3585 642 3671 longe.
690 3581 728 3648 Id
751 3607 830 3650 vero
853 3587 993 3652 omnino
1017 3525 1141 3652 faiium

86 3682 148 3736 est.
195 3675 434 3757 Quaecumque
459 3672 547 3735 enim
568 3693 638 3743 res,
669 3691 753 3755 quae
784 3672 901 3758 procul
920 3695 990 3738 esse
1012 3673 1141 3753 dicitur,

87 3758 286 3845 interposito
318 3757 519 3844 disiungitur
548 3756 738 3832 intervallo,
775 3749 864 3843 quod
892 3779 959 3822 non
980 3779 1140 3846 magnum

8 3913 9 3916 Ἴ
87 3865 158 3906 esse
175 3855 295 3930 potest.
340 3842 498 3907 Germani
514 3843 552 3907 in
567 3841 703 3929 einiger
716 3839 942 3933 Eutferrzuug
958 3843 1144 3933 loquuntur

88 3939 120 3994 et
140 3927 256 3994 iader
276 3927 494 4016 Umgegeuti.
544 4005 551 4020 ,

98 4059 101 4066 '
192 4049 254 4102 Liv.
274 4047 318 4115 44,
340 4045 384 4113 35,
404 4048 446 4101 19.
465 4047 605 4102 missilibus
621 4048 712 4117 procul
726 4048 803 4118 regin
817 4050 918 4104 ancilia
933 4051 1022 4104 melius
1033 4067 1143 4120 pugna·

158 4135 240 4186 iactr
259 4135 375 4188 cominus
391 4135 511 4188 stabilior
527 4141 553 4188 et
569 4133 650 4186 tutior
671 4140 719 4186 unt
740 4151 836 4203 parma
859 4143 907 4189 out
926 4143 995 4189 scuto
1016 4135 1145 4204 ligustina

158 4218 291 4274 Romanus
304 4227 368 4274 erat.
404 4218 482 4275 Caes.
499 4220 532 4274 ll.
546 4217 616 4289 gall.
631 4215 658 4287 5,
674 4217 718 4275 34.
733 4219 867 4274 Ambioria
880 4221 1053 4292 pronuntiari
1069 4220 1145 4287 iubet,
