2854 4750
196 391 224 414 ι,
248 314 329 406 ιιι
682 335 770 401 nso
794 335 902 405 nvn.

369 495 468 576 Virgilss
482 505 541 559 Ecl.
559 505 585 571 9,
601 504 645 559 26.
666 523 733 574 quae
752 507 820 559 Varo
834 506 943 558 necdum
959 509 1077 574 perfecta
1102 505 1221 559 canebat.
1255 507 1322 562 Vos'-
1419 536 1421 587 4

228 644 231 652 ,
333 592 407 646 sius:
426 592 561 658 „necdum
584 589 696 660 antiqua
717 592 809 644 iorms
831 607 881 659 pro
899 590 1054 643 nondum.“
1089 591 1320 662 dtinterpangec
1379 642 1382 652 ,
1420 592 1421 687 l

333 695 400 746 quae
427 679 512 741 Varo,
540 693 588 728 nec
610 677 672 729 dum
696 681 831 746 perfecta,
856 679 976 730 canebat·
1016 676 1083 729 Aen.
1104 675 1131 739 6,
1152 675 1213 730 666.
1239 682 1322 730 multa

334 780 455 825 mouens,
470 761 577 814 necdum
594 763 729 830 antiquum
746 740 1005 816 saturata'dolorem.
1041 763 1077 814 Et
1100 761 1278 830 postpositum
1294 761 1349 828 6,ν

333 845 393 900 414.
419 847 460 898 iiis
482 863 533 916 ego
555 855 659 909 suetus,
680 837 742 898 dum
765 849 854 900 melior
876 848 940 898 uires
961 849 1072 916 sanguis
1097 847 1193 912 dabat,
1218 851 1322 902 aemula

267 921 270 928 ¹
332 935 439 986 necdum
456 932 614 999 temporibus
627 931 741 1000 geminis
758 933 867 984 canebat
881 949 976 998 sparsa
991 925 1114 984 senectus.

368 1033 424 1086 cic.
445 1033 550 1086 addit.
566 1031 609 1094 lt,
626 1031 669 1084 10.
686 1034 729 1086 ille
744 1042 831 1088 autem
848 1035 910 1102 quid
926 1041 1009 1103 agot,
1032 1033 1055 1084 si
1076 1034 1141 1098 scis,
1161 1051 1242 1102 neque
1258 1035 1321 1086 dum
1338 1081 1343 1099 ,

294 1121 420 1199 ·,Ηοιηα
442 1137 469 1172 es
488 1121 639 1188 profectus,
669 1120 766 1170 scribas
793 1119 829 1170 ad
850 1136 891 1171 me
914 1119 1000 1172 velim.
1036 1135 1063 1186 p.
1086 1117 1192 1174 cluent.
1209 1118 1260 1184 27,
1277 1118 1320 1172 id.

332 1207 377 1276 qui
393 1206 504 1274 quodam
518 1205 595 1255 odore
616 1204 769 1272 suspicionis
783 1203 921 1254 Stalenum
942 1211 1093 1273 corruptum
1113 1221 1166 1256 esse
1187 1195 1323 1268 sensisset,¹

328 1290 486 1358 nequedum
504 1293 719 1356 comperfectum
735 1287 919 1339 arbitraretur.
956 1288 1034 1340 Caes.
1053 1287 1085 1339 B.
1102 1286 1153 1340 civ.
1169 1287 1194 1354 1,
1210 1279 1254 1340 58.
1277 1290 1321 1357 qui

252 1423 253 1426 ,
330 1381 434 1442 repente
450 1391 480 1424 eu
495 1375 621 1424 onerariis
635 1373 746 1424 nauibus
761 1379 835 1423 erant
850 1365 978 1439 producti,
1001 1391 1080 1440 neque
1099 1373 1162 1424 dum
1176 1373 1255 1426 etiam
1273 1391 1321 1426 ao·

232 1485 247 1513 μ
330 1458 428 1514 tabulis
442 1467 663 1510 armamentorum
678 1457 797 1528 cognitis.
833 1456 930 1509 Celsus
949 1453 976 1520 5,
997 1455 1041 1520 26,
1058 1455 1102 1510 33.

347 1615 377 1675 2.
401 1609 465 1674 Sed
485 1630 588 1696 quam
611 1608 756 1673 necdum
777 1629 884 1676 unum
914 1607 1051 1672 verbum
1075 1619 1159 1674 esset
1184 1608 1319 1688 iactum,
1421 1617 1422 1620 ’

264 1697 465 1762 recentiores
485 1695 681 1782 scriptores,
704 1695 901 1782 praesertim
920 1705 971 1769 et,
994 1705 1095 1783 atquc
1121 1697 1320 1784 praemissis,

263 1783 415 1848 dicebant
431 1803 493 1868 pro
513 1781 676 1846 nondum.

366 1901 438 1956 Plin.
451 1903 519 1958 Pan.
538 1899 581 1965 56,
596 1901 621 1953 2.
639 1919 689 1968 quo
697 1903 752 1970 fit,
770 1908 799 1954 ut
818 1919 899 1970 prope
922 1899 950 1952 in
973 1901 1123 1952 immensum
1147 1875 1322 1966 diffundatur:

331 1989 414 2041 oratio
431 2005 510 2040 mea.-
526 1994 552 2040 et
565 1987 673 2038 necdum
694 1988 726 2038 de
746 1987 846 2038 biennio
862 1988 957 2054 loquor.
992 1984 1036 2050 14,
1053 1987 1078 2037 1.
1099 1993 1124 2040 el
1140 1987 1250 2037 necdum
1269 1988 1320 2038 inr-

328 2080 446 2144 perator‚
462 2074 583 2124 necdum
601 2072 643 2122 dei
652 2071 730 2138 filius
744 2089 811 2124 eras.
839 2071 987 2128 Columell.
999 2069 1094 2135 10,55.
1113 2080 1191 2141 atque
1205 2073 1252 2124 ubi
1266 2073 1320 2124 iam

330 2167 383 2214 tuto
409 2159 519 2210 necdum
539 2159 651 2224 confisus
676 2158 803 2225 Olympo,
831 2156 876 2208 sed
900 2157 1020 2224 trepidus
1038 2158 1164 2226 profugit
1185 2158 1273 2209 elselcs
1294 2165 1321 2211 et

286 2277 288 2284 ·
323 2243 433 2315 ‘spicula
445 2243 562 2308 Plsoelrus
575 2243 636 2296 dira
653 2241 744 2311 Nepae
758 2268 793 2282 -
809 2242 896 2294 nescia
908 2242 980 2310 plebs
992 2243 1099 2312 generis
1113 2243 1194 2295 matri
1206 2261 1239 2296 nc
1252 2261 1321 2313 par·

330 2329 488 2394 citesalsae.
1043 2337 1044 2341 ’
1145 2315 1153 2330 “

363 2427 473 2482 Pallad.
497 2426 525 2493 4,
544 2427 589 2494 1⁰,
605 2427 648 2480 22.
674 2427 785 2498 mespila
809 2427 846 2480 ad
870 2431 1026 2484 seruandum
1059 2430 1187 2500 leguntur
1206 2431 1320 2484 necdum

330 2515 420 2569 mitia.
1143 2517 1145 2526 ’

364 2614 437 2668 ΡΙίιι.
452 2613 520 2666 Pan.
541 2611 586 2676 64,
610 2614 636 2668 2.
661 2623 768 2684 stupeo,
795 2615 822 2668 P.
848 2615 894 2681 0.,
920 2631 966 2666 nec
995 2616 1057 2668 dum
1077 2616 1143 2672 ¹satis
1169 2623 1217 2669 aut
1239 2619 1321 2670 oculis

326 2702 390 2756 meis
420 2705 468 2752 aut
493 2700 602 2751 auritus
634 2701 717 2752 credo.
776 2699 909 2752 Codices·
924 2706 980 2753 tres
1014 2719 1057 2751 ncc
1083 2702 1212 2769 dumque,
1247 2703 1321 2770 quod

328 2781 503 2838 schwercin
518 2783 611 2852 aliquo
628 2785 708 2838 modo
726 2783 917 2839 vindicaturus
935 2784 970 2837 ad
994 2783 1086 2838 aliena
1108 2785 1229 2840 aberrat.
1264 2787 1320 2840 lsi-

328 2870 445 2928 aendum
465 2873 568 2922 estnec
583 2871 656 2922 dum.
1220 2879 1222 2886 ⁴

280 3034 301 3072 s<
344 3031 375 3109 3,
398 3021 624 3110 Componitur
640 3018 786 3084 necdum
802 3043 884 3084 cum
909 3001 980 3084 aliis
1004 3017 1172 3106 particulis
1198 3017 1320 3084 sdver-

259 3113 387 3189 s‘cliris,
406 3119 439 3173 et
454 3107 575 3172 dicitnr
590 3107 736 3172 necdum
755 3119 889 3185 tamea,
912 3103 1000 3192 quod
1024 3129 1041 3168 a
1065 3105 1210 3192 simplici
1235 3129 1319 3170 nec-

158 3191 168 3202 *
259 3201 344 3265 dum
361 3193 476 3262 differt
494 3194 619 3258 maiore
635 3194 804 3280 gravitate.

314 3317 317 3326 '
363 3317 421 3370 Cic.
430 3315 465 3368 sd
475 3313 529 3370 Act.
542 3313 568 3378 6,
578 3313 603 3366 3.
624 3315 732 3365 necdum
743 3321 834 3366 tamen
851 3329 900 3382 ego
911 3310 1035 3376 Quintum
1044 3324 1222 3368 conveneram.
1248 3278 1321 3362 Srio-

245 3393 248 3401 ’
327 3412 383 3458 ton.
397 3400 495 3454 Tities.
511 3398 554 3452 44.
581 3408 660 3468 atque
679 3399 758 3450 etiam
781 3398 857 3466 quasi
879 3398 994 3461 infantes
1016 3395 1190 3460 infirmiores,
1207 3397 1320 3448 necdum

324 3498 412 3543 tomen
427 3489 494 3539 lactc
507 3484 629 3555 'depulsos
643 3483 751 3552 inguini
768 3499 814 3534 ceu
830 3481 1111 3551 papillaeadmooeret.
1173 3549 1178 3554 .

246 3578 250 3590 ’
362 3589 418 3644 cic.
441 3581 526 3643 Tisse.
549 3587 576 3650 3,
599 3583 645 3650 28,
668 3583 711 3638 66.
739 3583 890 3653 philosophi
913 3583 1024 3646 summi,
1044 3598 1122 3650 nequa
1145 3580 1208 3633 dum
1229 3589 1320 3635 tamen

326 3677 482 3748 sapientiam
496 3671 657 3742 consequuti,
676 3687 759 3722 nonne
771 3665 931 3746 vintelligunt
947 3667 975 3717 in
990 3683 1091 3718 summo
1106 3682 1132 3718 se
1150 3666 1222 3718 malo
1242 3667 1319 3726 esse?

345 3830 375 3892 4.
400 3828 478 3892 Non
494 3825 535 3890 ab
555 3822 617 3888 hoc
633 3843 695 3886 usu
713 3818 849 3898 discedit
867 3819 984 3883 Cicero
1009 3816 1049 3882 nd
1077 3816 1120 3898 Q,
1133 3785 1264 3896 traua,
1284 3821 1318 3882 8.

260 3913 321 3979 sed
352 3915 423 3978 eius
447 3913 499 3978 rei
527 3909 715 3974 mutieribus
737 3929 844 3992 neque
871 3903 953 3968 dum
985 3903 1317 4058 oenitfflamen‚

258 3999 482 4090 mesomelas,
503 3995 662 4082 depones.
705 3991 791 4056 Nam
806 4013 912 4077 neqrre
929 4001 1021 4054 -et
1044 4011 1080 4053 eo
1106 4009 1158 4051 em
1205 3991 1318 4052 atione

259 4087 485 4157 collocantur,
506 4103 605 4166 quam
620 4078 760 4164 exposui
774 4091 813 4168 pt
828 4082 901 4144 158.
947 4077 1011 4142 Sed
1028 4075 1090 4142 alis
1107 4066 1318 4148 liciadstiu·

164 4227 166 4231 ,
259 4184 372 4238 ctus-se
391 4165 766 4256 exemplanoninveni.
868 4191 870 4194 ·
1100 4158 1121 4209 f
