2836 4752
292 381 326 428 .³1
476 359 764 432 tuomum:
1071 359 1150 432 855

247 559 251 566 ’
324 543 326 552 ’
366 557 370 586 ⁵
411 562 889 743 ruoruo1EM.‚.‘'
961 543 964 550 ‘

76 829 80 836 ·
169 787 220 854 Ex
235 788 286 863 iis,
314 807 398 874 qnae
414 796 545 852 reterre
567 786 775 873 grammatici
796 784 942 863 tradunt,
965 783 1142 874 colligitur

81 873 273 961 antiquiore
297 882 452 958 tempore
478 871 649 954 vocabulo,
678 871 815 958 quaein
835 876 1141 940 memnononem

80 961 223 1040 coirent,
236 960 333 1024 etiam
349 979 415 1022 uno
432 967 567 1022 accentu
584 957 823 1043 comprehense
836 968 869 1022 et
887 959 1050 1046 scriptura
1068 981 1141 1025 esec

81 1045 275 1112 coniuncte:
308 1043 491 1110 recentiore
514 1053 623 1108 autem
644 1052 757 1119 aetate,
792 1042 928 1108 dubium
954 1055 1001 1110 eet
1019 1055 1135 1112 utrum

80 1129 284 1218 vulgarium
308 1151 348 1192 un
371 1150 433 1216 per
454 1127 748 1216 grammaticorum
769 1140 961 1218 praecepta,
992 1131 1096 1196 disiuo
1121 1131 1133 1198 i

78 1215 245 1304 coepisse.
288 1214 342 1278 Sic
355 1236 463 1300 prope
481 1213 584 1294 diem,
610 1234 677 1278 uno
692 1224 828 1278 accentu
849 1215 883 1279 in
900 1217 1042 1291 secunda
1060 1155 1133 1305 eyl-

79 1301 158 1366 loba
172 1300 296 1388 posito,
317 1297 443 1398 lactum
461 1310 510 1364 eet
523 1297 744 1386 propediem:
763 1321 870 1384 neque
895 1301 988 1365 aliter
1031 1325 1134 1388 rope-

78 1384 243 1466 modrrm,
278 1384 324 1448 uti
344 1384 504 1460 invicem,
528 1383 726 1450 admodum.
756 1383 906 1452 Donatus
930 1386 971 1450 ed
1017 1399 1133 1470 erent.

80 1472 147 1538 Ad.
162 1473 197 1550 ὅ,
211 1474 243 1552 6,
258 1475 289 1536 7.
310 1468 529 1556 propediem,
549 1465 642 1550 ripir.
678 1467 772 1537 Nam
785 1471 987 1556 propediem
1002 1473 1134 1538 aduer-

78 1557 178 1623 hium
190 1567 238 1622 eet
251 1555 423 1642 temporie,
444 1568 483 1622 ut
501 1555 533 1620 ei
547 1553 675 1622 diceret
693 1555 753 1620 cit
764 1578 796 1621 o.
828 1556 930 1638 Quod
945 1577 1024 1624 vero
1041 1559 1136 1624 Heu·

81 1645 234 1743 cingetur
258 1641 309 1722 (ad
327 1641 394 1708 Cio.
408 1640 478 1709 Off.
493 1647 522 1707 8.
537 1647 591 1721 88,
612 1641 680 1727 24.)
702 1639 821 1790 aliipne
836 1641 871 1708 in
888 1639 981 1714 libris
1003 1645 1135 1734 scriptio

80 1751 122 1794 ee
136 1727 299 1798 inveniere
313 1740 452 1796 narrant
467 1729 613 1793 seiuncta
634 1726 758 1792 vocabu
776 1750 804 1806 a,
835 1729 1008 1816 antiquum
1037 1751 1136 1796 neum

80 1837 157 1880 non
183 1815 307 1880 attinet.
350 1815 478 1881 Certiae
502 1803 728 1878 testimonium
754 1822 860 1876 exstat
885 1814 972 1902 opud
989 1817 1136 1882 comicos

83 1911 214 1990 poetae,
230 1901 296 1986 ¹qni
310 1922 444 1986 semper
459 1899 600 1986 primam
618 1896 767 1964 vocabuli
783 1897 943 1986 eyllnbam
961 1913 1082 1968 acuunt
1098 1902 1136 1968 iu

82 1986 152 2054 arri
164 1985 318 2074 positam.
342 1985 395 2052 Cf.
410 1987 499 2051 Gort.
518 1985 558 2050 ad
576 1983 708 2050 Sallust.
728 1982 797 2048 Cot.
817 1988 870 2062 81,
884 1989 917 2050 2.

171 2101 377 2190 Propediem
392 2100 552 2190 significat
570 2099 669 2182 diem,
689 2101 743 2187 qni
763 2121 869 2188 prope
882 2110 945 2178 est,
975 2100 1134 2187 proximo

84 2189 162 2269 die,
182 2190 237 2253 sed
256 2199 434 2276 usurpatur
448 2189 490 2252 de
504 2207 716 2274 quocumque
741 2184 855 2252 futuro
876 2195 1030 2273 tempore
1054 2209 1135 2274 pro·

81 2277 196 2342 ximo:
221 2273 310 2360 quod
336 2273 492 2338 Germani
514 2274 682 2344 nuelrrter,
700 2271 811 2359 Tage,
842 2273 1032 2344 nuclearem,
1057 2273 1136 2338 ehe-

82 2373 179 2426 otene
194 2359 318 2426 dicunt.
353 2360 467 2444 Neque
482 2367 593 2422 tamen
611 2379 674 2445 pro
686 2356 807 2446 paullo
816 2367 899 2443 porr
912 2368 967 2422 aru
981 2379 1043 2443 pro
1057 2380 1136 2424 mor

82 2445 193 2532 accipi
215 2455 336 2532 potest,
357 2443 639 2509 redinterrallum
658 2443 845 2530 respicitur,
867 2463 934 2528 quo
951 2441 1101 2508 futurum
1117 2467 1136 2511 a

82 2541 257 2620 praesente
280 2541 433 2617 tempore
463 2551 582 2617 parum
620 2529 729 2594 dietat.
782 2529 1007 2614 Componitur
1034 2529 1135 2618 igitur

81 2627 216 2683 tanturn
233 2627 310 2680 cum'
326 2615 441 2680 futuro
465 2613 647 2680 verborum
668 2625 701 2679 et
724 2636 801 2680 oum
822 2615 1031 2701 imperativo.

189 2731 279 2784 Pteer.
296 2732 342 2784 Λι.
367 2729 393 2797 4,
410 2732 437 2797 8,
454 2729 480 2784 8.
502 2733 538 2784 cd
562 2734 637 2785 illem
659 2735 720 2786 iiior
740 2734 797 2797 ilo,
821 2749 901 2800 quoru
928 2738 957 2785 tu
977 2733 1135 2802 propediem,

153 2818 206 2870 eriri
217 2819 317 2886 quidem
334 2817 383 2868 ute
396 2824 458 2868 cute
473 2818 613 2886 occupauit
629 2824 671 2882 te,
693 2819 797 2886 effligee
816 2817 875 2868 ecio.
902 2815 980 2868 Peru.
1001 2816 1027 2880 2,
1047 2815 1135 2884 111.

68 2947 71 2953 .
152 2901 265 2956 Terent.
281 2900 332 2952 re.
351 2898 378 2964 5,
394 2897 420 2966 5,
438 2899 464 2952 7.
483 2902 530 2953 lroc
543 2909 665 2967 uerumrt,
683 2909 709 2954 et
725 2901 783 2970 iper
796 2917 825 2952 re
840 2901 1137 2972 emerierepropedieru.
1193 2918 1196 2922 ·

152 2984 423 3050 1111111118.
442 2983 574 3050 eutr.
599 2983 656 3038 cte.
681 2986 714 3038 tle
737 2983 838 3049 (1111,
861 2984 905 3048 88,
926 2985 987 3038 121.
1015 3003 1137 3055 proerem

150 3078 236 3124 tecum
250 3070 402 3139 propediem
414 3097 447 3110 -
471 3069 571 3138 tepmr.
591 3069 626 3123 ml
643 3070 722 3122 Fam.
739 3067 781 3132 18,
797 3067 824 3132 9,
841 3067 868 3122 4.
892 3070 1005 3139 Aretcpo
1024 3073 1137 3128 mediceo

149 3155 230 3226 ,done
244 3158 384 3223 coufirmat
404 3155 552 3224 propediem
575 3161 601 3207 te
624 3155 751 3208 uenerem
765 3157 836 3221 sore.
864 3153 898 3206 ele
912 3151 975 3206 1111.
991 3155 1016 3220 l,
1032 3155 1136 3220 2811.

149 3238 268 3292 Sallust.
287 3240 347 3292 cet.
364 3237 408 3304 58,
425 3236 451 3292 4.
468 3241 587 3307 eperum
601 3240 749 3308 propediem
765 3255 880 3310 mogum
897 3239 991 3310 copiae*
1005 3255 1058 3294 rere
1081 3243 1135 3296 io·

152 3324 277 3379 lituram.
312 3322 371 3377 leit.
388 3320 516 3389 1,,11,1.
535 3321 621 3392 1,48,
639 3321 665 3378 8.
682 3321 726 3388 88,
746 3321 832 3390 8,18.

185 3426 245 3500 Cic.
261 3425 369 3479 1111111.
385 3425 412 3494 2,
430 3425 458 3479 l.
474 3425 645 3497 Prognoeticc
658 3441 717 3478 uren
731 3442 788 3478 euru
803 3425 973 3480 oratiunculis
989 3429 1137 3499 propediem

150 3518 278 3581 errpectm

184 3611 247 3665 tur.
265 3611 291 3676 1,
309 3609 353 3677 483
369 3589 395 3662 1.
416 3612 503 3664 Tullia
520 3627 567 3680 per
575 3609 663 3680 patrie
679 3627 770 3681 corpur
784 3611 1031 3683 carpentumegr'ree
1036 3617 1137 3682 fertur,

149 3705 302 3767 partemque
315 3696 455 3766 rcugur‘m'r
469 3713 501 3750 oe
518 3697 605 3747 credie
618 3704 746 3764 poterone
759 3703 862 3748 cruento
878 3698 1033 3751 mutem-
1047 3702 1137 3756 tuliue

153 3781 190 3833 ml
205 3789 314 3851 practer
328 3797 388 3832 ruor
411 3769 510 3848 'or'r'r'que
528 3780 572 3832 rui
579 3798 588 3832 r
611 3780 701 3848 quur·
725 3781 800 3833 irotie
821 3783 893 3834 orcle
914 3783 991 3853 regui
1004 3787 1137 3856 principie

152 3865 248 3919 rimilee
270 3863 421 3934 propediem
442 3864 527 3915 eritur
556 3871 727 3931 requereritur.
759 3865 849 3918 Miror
867 3866 1003 3920 nerninem
1029 3869 1057 3923 in
1083 3870 1137 3924 hoe

151 3949 215 4004 loeo
237 3947 371 4002 lucerina.
407 3947 483 4000 Vnrle
504 3946 576 4000 enirn
602 3947 710 4018 regitur
740 3949 927 4006 coniunctium
949 3956 1137 4022 requereritur?

151 4041 229 4086 ertne
249 4031 277 4086 iu
294 4031 419 4088 oratione
433 4032 548 4100 obliqua
564 4031 605 4086 tte
625 4032 729 4100 peritur
744 4035 895 4102 praemineo
918 4037 1003 4090 verbo
1022 4041 1135 4106 fertur?

151 4116 273 4187 Ruperti
288 4115 341 4180 nit,
354 4120 536 4186 qutuurr‘rutr'r
554 4125 660 4172 errent
674 4118 707 4171 111
721 4120 808 4175 118111.
853 4123 951 4190 Qoellr
972 4139 1040 4177 vero
1065 4125 1136 4178 heee
1173 4179 1178 4190 ,

152 4203 307 4262 emteetiar
327 4201 426 4260 Tullio
447 4217 500 4274 per
517 4202 605 4274 petri·
622 4219 721 4274 corpur
742 4210 900 4286 emporium
918 4207 975 4278 egit
988 4215 1015 4264 et
1029 4212 1137 4280 purtem
