2860 4756
250 303 295 376 46
748 303 819 370 NE.

252 556 358 628 timeo
375 583 418 626 ne
435 560 518 636 dici,
540 557 566 625 ai
586 555 659 645 quis
680 557 793 646 sagien
820 559 985 636 atimeat,
1007 559 1112 628 simeo
1128 575 1183 642 ut,
1207 567 1234 634 si
1252 589 1314 632 cu.

251 647 322 734 pita
352 656 385 712 et
407 656 519 734 optata
536 644 684 725 (timeat,
710 665 747 710 ea
770 645 891 710 iustam
916 645 1081 732 Perizonji
1106 648 1316 740 aliorumque

250 741 346 798 nacta
366 743 414 798 est
429 753 616 801 censuram.
650 729 854 796 Schwarzius
869 734 901 797 in
920 731 1100 798 Tursellini
1120 735 1225 817 libro,
1248 739 1315 804 Pe-

248 817 440 896 rizonium,
468 828 505 878 ut
534 817 597 902 ait,
628 829 803 903 sequutus,
832 841 874 882 ne
901 821 1027 904 accepit
1056 842 1118 906 pro
1146 847 1194 888 cn
1222 848 1314 890 raon:

275 927 318 970 uo
334 904 418 990 nihil
434 901 586 978 efficitur,
628 903 734 966 Hodie
751 915 859 968 antem
884 926 1001 968 omnes
1018 901 1086 970 fere
1102 913 1313 991 grammatici

250 929 388 1070 docent,
412 991 444 1054 in
465 988 570 1072 perbis
587 989 755 1074 metuendi
776 988 874 1054 simul
893 991 1030 1078 cogitari
1056 991 1254 1060 desiderium
1280 1011 1314 1064 et

248 1078 357 1149 verbis
376 1076 479 1144 timeo
494 1099 537 1166 nc
548 1075 690 1144 „eveniat
707 1073 883 1161 significari
898 1077 1003 1140 timeo
1013 1077 1158 1164 ,cupiens
1173 1105 1217 1146 ne
1234 1105 1307 1148 eve-

146 1166 147 1174 ’
247 1163 345 1228 nint.-
377 1159 468 1249 quod
491 1161 663 1246 quomodo
686 1159 758 1226 fieri
791 1173 920 1248 posset,
951 1183 1071 1241 nemo,
1099 1175 1136 1228 ut
1168 1167 1311 1252 videtur,

230 1250 324 1314 'satis
348 1247 531 1313 declaravit.
574 1247 690 1335 Nuper
704 1259 815 1314 tamen
842 1248 883 1311 dc
907 1246 968 1312 hae
989 1271 1026 1312 re
1051 1249 1311 1336 disputans·Lu-·

234 1332 330 1406 ,dori
354 1334 510 1398 Arndtius
535 1333 568 1397 in
595 1333 759 1397 Analectis
783 1333 899 1398 Horat.
928 1358 962 1422 p.
989 1341 1037 1400 11.
1064 1359 1186 1402 novam
1220 1342 1310 1407 viam

154 1489 159 1512 ‚
248 1422 416 1510 aperuisse
440 1420 502 1484 sibi
531 1419 618 1482 visus
646 1433 712 1484 est:
740 1419 847 1485 verbis
872 1420 935 1484 illis
960 1418 1136 1506 significari
1161 1426 1309 1492 anxieta-

168 1575 176 1586 ,
247 1519 315 1571 tem
342 1515 374 1571 et
397 1505 673 1584 sollicitudinem,
706 1507 757 1570 cui
782 1503 926 1570 admixta
958 1506 1000 1570 sit
1032 1530 1105 1594 spes
1132 1512 1308 1596 qairredam,

245 1591 319 1657 fore
336 1601 373 1656 ut
390 1615 459 1656 non
477 1591 603 1656 eveniat
620 1591 705 1655 mala
719 1614 782 1656 res.
828 1591 939 1670 Quare
960 1604 1078 1666 metuo
1099 1618 1142 1660 ne
1153 1593 1230 1682 fiat
1252 1600 1308 1664 in-

244 1689 463 1766 terpretatur:
505 1679 600 1742 anxie
630 1699 729 1756 curo,
768 1699 811 1742 ne
834 1676 907 1742 liat:
937 1690 1026 1742 certe
1050 1681 1137 1744 enim
1162 1680 1238 1765 fiet,
1269 1697 1308 1750 ut

162 1769 165 1774 '
209 1807 215 1814 =
245 1768 384 1853 opinor,
410 1763 444 1827 id
470 1765 558 1850 quod
585 1761 658 1828 fieri
682 1787 751 1828 non
778 1765 889 1850 cupio.
932 1763 969 1828 Id
996 1786 1060 1852 qua
1086 1767 1213 1833 'ratione
1236 1769 1306 1836 dif-

244 1852 331 1917 ferat
350 1851 390 1914 ab
407 1849 465 1915 illo
481 1849 540 1914 reli
569 1861 687 1914 uorum
706 1851 1001 1937 grammaticorum
1027 1865 1205 1940 praecepto
1233 1877 1305 1923 non

245 1937 430 2026 perspicio,
460 1873 621 2021 siquidem
655 1936 753 2000 etiarn
775 1940 808 2000 in
836 1935 898 2000 han
924 1958 1001 2000 cura
1029 1939 1115 2002 inest
1143 1941 1304 2029 cupientis

139 2061 144 2076 ι
243 2021 394 2089 allectus.
448 2021 563 2108 Neque
590 2022 623 2085 in
647 2021 861 2108 ¹explicandis
885 2013 990 2106 rerlris
1022 2035 1134 2088 metuo
1166 2038 1205 2091 nt
1225 2023 1304 2114 fiat

243 2109 401 2175 camdem¹
412 2107 576 2173 rationem
595 2107 745 2172 adhiberi
767 2109 878 2189 licuit,
898 2107 957 2172 sed
981 2108 1149 2175 Sanctium
1176 2132 1304 2200 sequu-

239 2208 313 2277 tus,
335 2196 421 2259 idem
450 2194 605 2258 Arndtius
632 2193 713 2260 haec
737 2197 822 2258 inter
846 2204 969 2258 retatus
996 2206 1061 2258 est:
1086 2197 1183 2262 anxie
1207 2221 1302 2284 curo,

240 2281 413 2370 quomodo
436 2279 513 2344 fiat:
546 2279 636 2368 quod
666 2281 757 2366 quasi
781 2217 907 2344 arriana
934 2279 1065 2346 dictum
1087 2295 1170 2347 esset
1194 2285 1233 2349 de
1257 2287 1302 2350 ti-

238 2391 345 2435 more.
385 2369 430 2433 alt
445 2389 545 2430 nemo
561 2368 604 2429 ita
623 2366 781 2452 loquitur.
824 2368 908 2430 Ante
933 2367 1044 2431 omnia
1072 2371 1301 2455 quaerendum

240 2466 308 2532 est,
339 2473 405 2540 qno
430 2453 533 2516 modo
556 2451 654 2522 verba
678 2451 865 2530 metuendi,
891 2473 974 2538 quae
1003 2456 1223 2521 accusativum
1250 2459 1302 2526 rei

239 2561 404 2608 assumere
420 2538 539 2614 solent,
559 2557 634 2600 cum
654 2537 941 2607 coniunctionibus
957 2537 1060 2608 finem
1077 2538 1300 2610 indicantibus

237 2637 276 2691 ut
292 2637 324 2690 et
339 2647 383 2689 ne
402 2626 533 2713 possint
552 2625 724 2710 componi.
766 2622 933 2686 Nimirum
955 2645 1026 2688 non
1047 2639 1187 2711 possunt
1211 2651 1300 2716 pro-

209 2787 210 2794 ,
236 2711 309 2800 prie
324 2709 505 2798 componi,
526 2729 586 2773 nec
602 2719 640 2773 ut
656 2719 689 2774 et
703 2732 746 2773 ne
759 2708 908 2796 pendent
924 2732 965 2773 ex
983 2707 1093 2793 verbis,
1115 2715 1298 2799 metuendi,

168 2839 170 2846 ›
236 2798 293 2862 sed
318 2797 351 2860 in
370 2795 432 2861 hae
449 2795 692 2882 compositione
714 2794 870 2860 eumdem
896 2796 1118 2882 conspicimus
1143 2799 1297 2879 niodum,

235 2905 302 2970 quo
324 2882 430 2946 Latini
455 2881 569 2946 dicunt
596 2903 709 2946 verum
734 2892 784 2945 est
806 2893 862 2957 ut,
893 2882 1076 2947 verisimile
1101 2896 1151 2950 est
1173 2898 1229 2963 ut,
1258 2887 1298 2954 in

235 2968 352 3056 quibus
367 2967 570 3056 explicandis
591 2967 652 3032 viri
669 2967 758 3031 docti
783 2967 883 3032 nimis
906 2965 1089 3034 artificiosis
1113 2991 1297 3069 argumen-

232 3057 275 3120 tis
295 3056 344 3120 uti
359 3054 468 3118 conati
485 3063 572 3118 sunt.
615 3053 674 3118 Est
700 3073 777 3120 vero
804 3075 914 3118 caussa
937 3053 1120 3120 admodum
1137 3057 1301 3146 simplex,

254 3164 297 3206 ua
312 3141 346 3204 in
364 3151 530 3204 contracta
547 3143 695 3204 oratione
714 3161 775 3227 per
792 3139 1054 3204 enuntiationem
1077 3139 1211 3208 finalem
1226 3167 1294 3222 res,

231 3166 272 3292 ile
300 3248 363 3314 qua
388 3224 720 3304 dicitu1·,·definitur:
741 3223 848 3289 ¹veluti
874 3246 978 3312 quum
1002 3227 1117 3292 Cicero
1144 3229 1205 3293 dit:
1234 3253 1294 3296 ve-

229 3335 308 3380 runa
335 3323 403 3390 est,
433 3323 470 3376 ut
493 3311 596 3378 bonos
622 3309 701 3376 boni
724 3309 898 3398 diligunt,
917 3312 1078 3376 sententia
1103 3313 1201 3401 plena
1223 3326 1291 3382 ests

228 3397 299 3463 fieri
315 3413 351 3461 ut.
368 3398 477 3463 bonos
493 3397 573 3462 boni
590 3397 744 3484 diligant,
765 3397 798 3460 id
816 3418 931 3460 verum
953 3405 1010 3461 est.
1061 3395 1102 3461 V
1098 3412 1112 3464 ι
1128 3399 1294 3487 signifieat

228 3485 352 3569 aliquid
378 3485 535 3570 consequi
560 3504 601 3548 ex
625 3485 757 3568 atiquo,
781 3482 927 3570 quodid
957 3481 1093 3548 efficiat:
1118 3487 1175 3549 scd
1202 3485 1291 3552 effe-

228 3580 318 3634 ctum
346 3569 556 3648 enuntiatur,
588 3567 732 3632 efficiens
762 3568 925 3655 cogitatur
947 3579 1087 3636 tanturn.
1137 3571 1290 3655 Timoris

227 3667 338 3720 autem
383 3655 509 3743 duplex
542 3654 713 3720 videbatur
746 3653 909 3719 veteribus
949 3677 1018 3718 esse
1056 3657 1159 3720 ratio:
1207 3677 1290 3726 nam
1325 3672 1356 3724 ,’
1425 3745 1426 3760 ¹

225 3753 282 3806 ant
297 3743 545 3828 »aegritudinem
567 3741 688 3821 animi,
717 3760 784 3826 qua
812 3742 846 3805 in
866 3741 989 3804 timore
1013 3739 1196 3820 afficimur,
1227 3765 1289 3810 rc-

130 3889 134 3905 ,
169 3863 174 3888 .
225 3821 576 3914 spiciunt,‘etdicunt
598 3825 640 3891 de
664 3826 784 3912 aliqua
806 3848 844 3889 re
860 3825 998 3905 timere,
1019 3828 1128 3892 alieni
1152 3830 1287 3906 timere,

223 3925 278 3977 aut
294 3914 546 4002 cogitationem,
571 3933 612 3975 ne
629 3912 684 3990 id,
706 3910 799 3998 quod
812 3911 1005 4000 immineat,
1027 3913 1165 3991 eveniat,
1183 3915 1287 3980 intel-

221 4001 340 4085 ligunt.
385 3999 497 4080 Quare
521 4018 627 4084 quum
652 3996 752 4062 latine
776 3996 1180 4086 loquor‘·timeo‚·cogito
1198 4012 1286 4087 prato

222 4084 393 4170 rel-cupro
410 4079 574 4172 nonfleri
588 4105 672 4148 rem.
715 4081 801 4147 Hinc
817 4091 895 4147 nata
916 4095 963 4146 est
980 4093 1149 4152 contracta
1165 4087 1294 4156 oratio.·
1353 4098 1358 4113 ¹

161 4163 163 4169 ’
221 4171 285 4237 Pro
304 4193 368 4254 eo,
385 4170 478 4258 quod
501 4168 677 4236 dicendum
702 4161 771 4234 est:
788 4179 877 4258 puto
899 4192 973 4236 non
986 4166 1093 4258 fieri,
1116 4183 1155 4237 ut
1177 4173 1285 4239 susti-

1325 230 1327 240 Ι

1420 457 1421 466 t

251 482 289 540 ut
305 431 570 552 demonstlaret,
588 483 626 537 at
640 471 675 538 ln
691 469 744 538 his
759 471 944 622 siranificare
973 471 1318 561 quemadmodumet
1419 467 1421 514 ³
