<?xml version="1.0" encoding="UTF-8"?>
<!DOCTYPE html PUBLIC "-//W3C//DTD XHTML 1.0 Transitional//EN"
    "http://www.w3.org/TR/xhtml1/DTD/xhtml1-transitional.dtd">
<html xmlns="http://www.w3.org/1999/xhtml" xml:lang="en" lang="en">
 <head>
  <title>
</title>
<meta http-equiv="Content-Type" content="text/html;charset=utf-8" />
  <meta name='ocr-system' content='tesseract 3.04.00' />
  <meta name='ocr-capabilities' content='ocr_page ocr_carea ocr_par ocr_line ocrx_word'/>
</head>
<body>
  <div class='ocr_page' id='page_1' title='image "./ferdinandihandi02torsgoog_0150.png"; bbox 0 0 2854 4750; ppageno 0'>
   <div class='ocr_carea' id='block_1_1' title="bbox 146 351 958 460">
    <p class='ocr_par' dir='ltr' id='par_1_1' title="bbox 146 351 958 460">
     <span class='ocr_line' id='line_1_1' title="bbox 146 351 958 460; baseline -0.023 -19"><span class='ocrx_word' id='word_1_1' title='bbox 146 445 150 452; x_wconf 79' lang='lat'>.</span> <span class='ocrx_word' id='word_1_2' title='bbox 251 373 314 438; x_wconf 77' lang='lat'>144</span> <span class='ocrx_word' id='word_1_3' title='bbox 448 433 451 438; x_wconf 82' lang='grc'>,</span> <span class='ocrx_word' id='word_1_4' title='bbox 608 351 958 460; x_wconf 56' lang='grc' dir='ltr'><strong>Νῆα-360111.</strong></span> 
     </span>
    </p>
   </div>
   <div class='ocr_carea' id='block_1_2' title="bbox 244 515 1306 1062">
    <p class='ocr_par' dir='ltr' id='par_1_2' title="bbox 244 515 1306 1062">
     <span class='ocr_line' id='line_1_2' title="bbox 256 515 1306 628; baseline -0.027 -20"><span class='ocrx_word' id='word_1_5' title='bbox 256 550 286 608; x_wconf 90' lang='grc'>1.</span> <span class='ocrx_word' id='word_1_6' title='bbox 301 546 335 628; x_wconf 78' lang='lat' dir='ltr'>p:</span> <span class='ocrx_word' id='word_1_7' title='bbox 349 543 436 618; x_wconf 78' lang='lat'>804.)</span> <span class='ocrx_word' id='word_1_8' title='bbox 452 543 565 600; x_wconf 85' lang='lat' dir='ltr'>narrat</span> <span class='ocrx_word' id='word_1_9' title='bbox 580 535 751 622; x_wconf 89' lang='lat' dir='ltr'>antiquum</span> <span class='ocrx_word' id='word_1_10' title='bbox 773 527 942 598; x_wconf 80' lang='lat' dir='ltr'>codicem,</span> <span class='ocrx_word' id='word_1_11' title='bbox 963 531 1095 613; x_wconf 80' lang='lat' dir='ltr'>praeter</span> <span class='ocrx_word' id='word_1_12' title='bbox 1115 516 1220 586; x_wconf 77' lang='lat' dir='ltr'>unuin</span> <span class='ocrx_word' id='word_1_13' title='bbox 1246 515 1306 582; x_wconf 85' lang='lat' dir='ltr'>lo·</span> 
     </span>
     <span class='ocr_line' id='line_1_3' title="bbox 253 607 1303 714; baseline -0.026 -21"><span class='ocrx_word' id='word_1_14' title='bbox 253 647 349 705; x_wconf 51' lang='lat' dir='ltr'>cums,</span> <span class='ocrx_word' id='word_1_15' title='bbox 368 625 426 714; x_wconf 91' lang='lat' dir='ltr'>qui</span> <span class='ocrx_word' id='word_1_16' title='bbox 445 622 483 684; x_wconf 88' lang='lat' dir='ltr'>ad</span> <span class='ocrx_word' id='word_1_17' title='bbox 503 617 589 684; x_wconf 85' lang='lat' dir='ltr'>aliud</span> <span class='ocrx_word' id='word_1_18' title='bbox 611 643 713 708; x_wconf 82' lang='lat' dir='ltr'>genus</span> <span class='ocrx_word' id='word_1_19' title='bbox 729 617 858 686; x_wconf 90' lang='lat' dir='ltr'>dicendi</span> <span class='ocrx_word' id='word_1_20' title='bbox 875 609 1035 700; x_wconf 80' lang='lat' dir='ltr'><strong>pertinet,</strong></span> <span class='ocrx_word' id='word_1_21' title='bbox 1056 607 1181 694; x_wconf 86' lang='lat' dir='ltr'>ubique</span> <span class='ocrx_word' id='word_1_22' title='bbox 1205 624 1303 693; x_wconf 79' lang='lat' dir='ltr'>prae-</span> 
     </span>
     <span class='ocr_line' id='line_1_4' title="bbox 244 695 1304 796; baseline -0.027 -17"><span class='ocrx_word' id='word_1_23' title='bbox 244 717 335 778; x_wconf 89' lang='lat' dir='ltr'>·bere</span> <span class='ocrx_word' id='word_1_24' title='bbox 357 735 418 777; x_wconf 81' lang='lat' dir='ltr'>ne.-</span> <span class='ocrx_word' id='word_1_25' title='bbox 440 719 477 772; x_wconf 82' lang='lat' dir='ltr'>el·</span> <span class='ocrx_word' id='word_1_26' title='bbox 495 729 598 794; x_wconf 88' lang='lat' dir='ltr'>quum</span> <span class='ocrx_word' id='word_1_27' title='bbox 625 709 795 796; x_wconf 83' lang='lat' dir='ltr'>sequimur</span> <span class='ocrx_word' id='word_1_28' title='bbox 816 699 1173 786; x_wconf 76' lang='lat' dir='ltr'>Schweighaeuserurn&#39;</span> <span class='ocrx_word' id='word_1_29' title='bbox 1188 695 1221 758; x_wconf 92' lang='lat' dir='ltr'>in</span> <span class='ocrx_word' id='word_1_30' title='bbox 1245 712 1304 752; x_wconf 87' lang='lat' dir='ltr'>re·-</span> 
     </span>
     <span class='ocr_line' id='line_1_5' title="bbox 256 781 1303 878; baseline -0.025 -14"><span class='ocrx_word' id='word_1_31' title='bbox 256 798 426 864; x_wconf 88' lang='lat' dir='ltr'>censendis</span> <span class='ocrx_word' id='word_1_32' title='bbox 458 793 608 878; x_wconf 81' lang='lat' dir='ltr'>epistolis</span> <span class='ocrx_word' id='word_1_33' title='bbox 630 795 789 867; x_wconf 82' lang='lat' dir='ltr'>Senecae,</span> <span class='ocrx_word' id='word_1_34' title='bbox 827 785 1067 864; x_wconf 68' lang='lat' dir='ltr'>dubitabimus,</span> <span class='ocrx_word' id='word_1_35' title='bbox 1087 803 1149 871; x_wconf 42' lang='lat' dir='ltr'>,aa</span> <span class='ocrx_word' id='word_1_36' title='bbox 1178 781 1303 843; x_wconf 80' lang='lat' dir='ltr'>Seneca</span> 
     </span>
     <span class='ocr_line' id='line_1_6' title="bbox 255 856 1302 972; baseline -0.025 -22"><span class='ocrx_word' id='word_1_37' title='bbox 255 907 413 972; x_wconf 87' lang='lat' dir='ltr'>umquam</span> <span class='ocrx_word' id='word_1_38' title='bbox 435 901 511 944; x_wconf 80' lang='lat' dir='ltr'>usus</span> <span class='ocrx_word' id='word_1_39' title='bbox 530 876 628 942; x_wconf 88' lang='lat' dir='ltr'>fuerit</span> <span class='ocrx_word' id='word_1_40' title='bbox 644 883 800 967; x_wconf 74' lang='lat' dir='ltr'>particula</span> <span class='ocrx_word' id='word_1_41' title='bbox 819 900 897 958; x_wconf 79' lang='lat' dir='ltr'>neo,</span> <span class='ocrx_word' id='word_1_42' title='bbox 923 899 1006 965; x_wconf 78' lang='lat' dir='ltr'>quae</span> <span class='ocrx_word' id='word_1_43' title='bbox 1027 881 1137 934; x_wconf 86' lang='lat' dir='ltr'>tamen</span> <span class='ocrx_word' id='word_1_44' title='bbox 1162 863 1193 929; x_wconf 92' lang='lat' dir='ltr'>in</span> <span class='ocrx_word' id='word_1_45' title='bbox 1220 856 1302 927; x_wconf 88' lang='lat' dir='ltr'>reli·</span> 
     </span>
     <span class='ocr_line' id='line_1_7' title="bbox 255 963 977 1062; baseline -0.019 -26"><span class='ocrx_word' id='word_1_46' title='bbox 255 973 410 1062; x_wconf 77' lang='lat' dir='ltr'>quincius</span> <span class='ocrx_word' id='word_1_47' title='bbox 428 965 518 1032; x_wconf 88' lang='lat' dir='ltr'>libris</span> <span class='ocrx_word' id='word_1_48' title='bbox 535 966 721 1036; x_wconf 75' lang='lat' dir='ltr'>etiamnunc</span> <span class='ocrx_word' id='word_1_49' title='bbox 736 991 830 1058; x_wconf 82' lang='lat' dir='ltr'>saepe</span> <span class='ocrx_word' id='word_1_50' title='bbox 847 963 977 1050; x_wconf 82' lang='lat' dir='ltr'>legitur.</span> 
     </span>
    </p>
   </div>
   <div class='ocr_carea' id='block_1_3' title="bbox 164 1131 1325 2664">
    <p class='ocr_par' dir='ltr' id='par_1_3' title="bbox 212 1131 1325 2583">
     <span class='ocr_line' id='line_1_8' title="bbox 356 1131 1301 1222; baseline -0.024 -17"><span class='ocrx_word' id='word_1_51' title='bbox 356 1149 457 1219; x_wconf 71' lang='lat' dir='ltr'>Plutus</span> <span class='ocrx_word' id='word_1_52' title='bbox 472 1145 499 1214; x_wconf 91' lang='grc'>2,</span> <span class='ocrx_word' id='word_1_53' title='bbox 513 1151 556 1216; x_wconf 83' lang='lat' dir='ltr'>lt,</span> <span class='ocrx_word' id='word_1_54' title='bbox 570 1151 595 1204; x_wconf 91' lang='grc'>3.</span> <span class='ocrx_word' id='word_1_55' title='bbox 614 1154 728 1222; x_wconf 79' lang='lat' dir='ltr'>alioquin</span> <span class='ocrx_word' id='word_1_56' title='bbox 742 1153 782 1205; x_wconf 86' lang='lat' dir='ltr'>ita</span> <span class='ocrx_word' id='word_1_57' title='bbox 796 1151 909 1217; x_wconf 79' lang='lat' dir='ltr'>rrndipae</span> <span class='ocrx_word' id='word_1_58' title='bbox 924 1145 994 1199; x_wconf 81' lang='lat' dir='ltr'>mari</span> <span class='ocrx_word' id='word_1_59' title='bbox 1005 1144 1182 1210; x_wconf 74' lang='lat' dir='ltr'>Pyrenaeoque</span> <span class='ocrx_word' id='word_1_60' title='bbox 1197 1131 1301 1184; x_wconf 78' lang='lat' dir='ltr'>vallata</span> 
     </span>
     <span class='ocr_line' id='line_1_9' title="bbox 322 1217 1301 1308; baseline -0.025 -18"><span class='ocrx_word' id='word_1_61' title='bbox 322 1246 375 1300; x_wconf 81' lang='lat' dir='ltr'>ert,</span> <span class='ocrx_word' id='word_1_62' title='bbox 395 1245 425 1288; x_wconf 85' lang='lat' dir='ltr'>ut</span> <span class='ocrx_word' id='word_1_63' title='bbox 446 1239 550 1306; x_wconf 78' lang='lat' dir='ltr'>ingenio</span> <span class='ocrx_word' id='word_1_64' title='bbox 565 1239 630 1298; x_wconf 69' lang='lat' dir='ltr'>nitran</span> <span class='ocrx_word' id='word_1_65' title='bbox 644 1257 688 1290; x_wconf 89' lang='lat' dir='ltr'>nec</span> <span class='ocrx_word' id='word_1_66' title='bbox 704 1239 775 1291; x_wconf 86' lang='lat' dir='ltr'>adiri</span> <span class='ocrx_word' id='word_1_67' title='bbox 791 1239 893 1308; x_wconf 82' lang='lat' dir='ltr'>quidem</span> <span class='ocrx_word' id='word_1_68' title='bbox 913 1231 1035 1306; x_wconf 85' lang='lat' dir='ltr'>potuerit.</span> <span class='ocrx_word' id='word_1_69' title='bbox 1071 1225 1182 1278; x_wconf 73' lang='lat' dir='ltr'>sacrun.</span> <span class='ocrx_word' id='word_1_70' title='bbox 1209 1217 1301 1286; x_wconf 78' lang='lat' dir='ltr'>eattg.</span> 
     </span>
     <span class='ocr_line' id='line_1_10' title="bbox 320 1305 1303 1392; baseline -0.022 -16"><span class='ocrx_word' id='word_1_71' title='bbox 320 1323 364 1376; x_wconf 78' lang='grc'>11.</span> <span class='ocrx_word' id='word_1_72' title='bbox 380 1329 505 1375; x_wconf 78' lang='lat' dir='ltr'>aularum</span> <span class='ocrx_word' id='word_1_73' title='bbox 518 1331 606 1391; x_wconf 74' lang='lat' dir='ltr'>tanuen</span> <span class='ocrx_word' id='word_1_74' title='bbox 621 1342 724 1376; x_wconf 81' lang='lat' dir='ltr'>suevam</span> <span class='ocrx_word' id='word_1_75' title='bbox 740 1323 981 1392; x_wconf 74' lang='lat' dir='ltr'>atqueprobroaarn</span> <span class='ocrx_word' id='word_1_76' title='bbox 995 1331 1041 1366; x_wconf 87' lang='lat' dir='ltr'>aec</span> <span class='ocrx_word' id='word_1_77' title='bbox 1056 1319 1118 1363; x_wconf 87' lang='lat' dir='ltr'>tunc</span> <span class='ocrx_word' id='word_1_78' title='bbox 1140 1305 1303 1378; x_wconf 52' lang='lat' dir='ltr'>quidemgin·</span> 
     </span>
     <span class='ocr_line' id='line_1_11' title="bbox 273 1389 1302 1476; baseline -0.022 -14"><span class='ocrx_word' id='word_1_79' title='bbox 273 1403 276 1420; x_wconf 79' lang='lat'>&#39;</span> <span class='ocrx_word' id='word_1_80' title='bbox 320 1410 406 1462; x_wconf 76' lang='lat' dir='ltr'>bibere</span> <span class='ocrx_word' id='word_1_81' title='bbox 425 1415 541 1476; x_wconf 84' lang='lat' dir='ltr'>poterut.</span> <span class='ocrx_word' id='word_1_82' title='bbox 575 1407 668 1460; x_wconf 78' lang='lat' dir='ltr'>lustin.</span> <span class='ocrx_word' id='word_1_83' title='bbox 685 1407 710 1471; x_wconf 75' lang='lat' dir='ltr'>i,</span> <span class='ocrx_word' id='word_1_84' title='bbox 729 1405 755 1470; x_wconf 79' lang='lat'>5,</span> <span class='ocrx_word' id='word_1_85' title='bbox 771 1405 797 1459; x_wconf 87' lang='grc'>8.</span> <span class='ocrx_word' id='word_1_86' title='bbox 823 1406 959 1458; x_wconf 79' lang='lat' dir='ltr'>Perdiccae</span> <span class='ocrx_word' id='word_1_87' title='bbox 982 1401 1030 1452; x_wconf 78' lang='lat' dir='ltr'>icoc</span> <span class='ocrx_word' id='word_1_88' title='bbox 1053 1393 1190 1463; x_wconf 74' lang='lat' dir='ltr'>indignior</span> <span class='ocrx_word' id='word_1_89' title='bbox 1211 1389 1302 1441; x_wconf 75' lang='lat' dir='ltr'>caeder</span> 
     </span>
     <span class='ocr_line' id='line_1_12' title="bbox 322 1475 1302 1570; baseline -0.02 -26"><span class='ocrx_word' id='word_1_90' title='bbox 322 1493 468 1570; x_wconf 79' lang='lat' dir='ltr'>uidebatur,¹</span> <span class='ocrx_word' id='word_1_91' title='bbox 488 1495 600 1562; x_wconf 79' lang='lat' dir='ltr'>puod&#39;ei</span> <span class='ocrx_word' id='word_1_92' title='bbox 616 1496 688 1564; x_wconf 86' lang='lat' dir='ltr'>opud</span> <span class='ocrx_word' id='word_1_93' title='bbox 705 1499 813 1546; x_wconf 87' lang='lat' dir='ltr'>rnalrem</span> <span class='ocrx_word' id='word_1_94' title='bbox 827 1487 1027 1542; x_wconf 80' lang='lat' dir='ltr'>mirericordiam</span> <span class='ocrx_word' id='word_1_95' title='bbox 1040 1499 1087 1532; x_wconf 86' lang='lat' dir='ltr'>nco</span> <span class='ocrx_word' id='word_1_96' title='bbox 1099 1475 1223 1550; x_wconf 81' lang='lat' dir='ltr'>parcalci</span> <span class='ocrx_word' id='word_1_97' title='bbox 1241 1475 1302 1544; x_wconf 67' lang='lat' dir='ltr'>qui«</span> 
     </span>
     <span class='ocr_line' id='line_1_13' title="bbox 320 1561 1302 1644; baseline -0.021 -14"><span class='ocrx_word' id='word_1_98' title='bbox 320 1579 378 1630; x_wconf 86' lang='lat' dir='ltr'>dem</span> <span class='ocrx_word' id='word_1_99' title='bbox 386 1578 463 1642; x_wconf 74' lang='lat' dir='ltr'>filiun</span> <span class='ocrx_word' id='word_1_100' title='bbox 479 1577 670 1644; x_wconf 84' lang='lat' dir='ltr'>conciliaverat.</span> <span class='ocrx_word' id='word_1_101' title='bbox 704 1577 747 1640; x_wconf 86' lang='grc'>38,</span> <span class='ocrx_word' id='word_1_102' title='bbox 760 1574 787 1638; x_wconf 83' lang='grc'>4,</span> <span class='ocrx_word' id='word_1_103' title='bbox 802 1573 828 1627; x_wconf 97' lang='grc'>2.</span> <span class='ocrx_word' id='word_1_104' title='bbox 848 1574 908 1644; x_wconf 85' lang='lat' dir='ltr'>puin</span> <span class='ocrx_word' id='word_1_105' title='bbox 924 1589 984 1624; x_wconf 86' lang='lat' dir='ltr'>uero</span> <span class='ocrx_word' id='word_1_106' title='bbox 1000 1570 1034 1621; x_wconf 82' lang='lat' dir='ltr'>ait</span> <span class='ocrx_word' id='word_1_107' title='bbox 1057 1563 1233 1618; x_wconf 70' lang='lat' dir='ltr'>resistendam</span> <span class='ocrx_word' id='word_1_108' title='bbox 1248 1561 1302 1610; x_wconf 84' lang='lat' dir='ltr'>inr-</span> 
     </span>
     <span class='ocr_line' id='line_1_14' title="bbox 319 1653 1301 1732; baseline -0.016 -20"><span class='ocrx_word' id='word_1_109' title='bbox 319 1663 519 1732; x_wconf 80' lang='lat' dir='ltr'>pugnantibus‚</span> <span class='ocrx_word' id='word_1_110' title='bbox 539 1681 585 1714; x_wconf 86' lang='lat' dir='ltr'>nec</span> <span class='ocrx_word' id='word_1_111' title='bbox 601 1681 641 1714; x_wconf 84' lang='lat' dir='ltr'>eoa</span> <span class='ocrx_word' id='word_1_112' title='bbox 658 1665 760 1731; x_wconf 82' lang='lat' dir='ltr'>quidem</span> <span class='ocrx_word' id='word_1_113' title='bbox 782 1663 915 1722; x_wconf 82' lang='lat' dir='ltr'>dubitare,</span> <span class='ocrx_word' id='word_1_114' title='bbox 932 1657 976 1727; x_wconf 80' lang='lat' dir='ltr'>pai</span> <span class='ocrx_word' id='word_1_115' title='bbox 991 1671 1036 1724; x_wconf 81' lang='lat' dir='ltr'>ape</span> <span class='ocrx_word' id='word_1_116' title='bbox 1051 1653 1172 1704; x_wconf 84' lang='lat' dir='ltr'>uictoriae</span> <span class='ocrx_word' id='word_1_117' title='bbox 1182 1653 1301 1700; x_wconf 84' lang='lat' dir='ltr'>careant.</span> 
     </span>
     <span class='ocr_line' id='line_1_15' title="bbox 321 1733 1302 1810; baseline -0.017 -10"><span class='ocrx_word' id='word_1_118' title='bbox 321 1748 430 1800; x_wconf 85' lang='lat' dir='ltr'>Patron.</span> <span class='ocrx_word' id='word_1_119' title='bbox 445 1745 488 1807; x_wconf 88' lang='grc'>13,</span> <span class='ocrx_word' id='word_1_120' title='bbox 504 1747 529 1798; x_wconf 97' lang='grc'>1.</span> <span class='ocrx_word' id='word_1_121' title='bbox 547 1766 609 1800; x_wconf 85' lang='lat' dir='ltr'>nom</span> <span class='ocrx_word' id='word_1_122' title='bbox 627 1749 712 1800; x_wconf 76' lang='lat' dir='ltr'>adana</span> <span class='ocrx_word' id='word_1_123' title='bbox 733 1765 779 1800; x_wconf 87' lang='lat' dir='ltr'>nec</span> <span class='ocrx_word' id='word_1_124' title='bbox 800 1754 905 1808; x_wconf 75' lang='lat' dir='ltr'>saturae</span> <span class='ocrx_word' id='word_1_125' title='bbox 928 1742 1029 1810; x_wconf 85' lang='lat' dir='ltr'>quidem</span> <span class='ocrx_word' id='word_1_126' title='bbox 1049 1737 1172 1789; x_wconf 82' lang='lat' dir='ltr'>uttalcrat</span> <span class='ocrx_word' id='word_1_127' title='bbox 1187 1733 1302 1808; x_wconf 64' lang='lat' dir='ltr'>rustinus</span> 
     </span>
     <span class='ocr_line' id='line_1_16' title="bbox 321 1820 1302 1900; baseline -0.015 -15"><span class='ocrx_word' id='word_1_128' title='bbox 321 1835 435 1885; x_wconf 81' lang='lat' dir='ltr'>curiosae</span> <span class='ocrx_word' id='word_1_129' title='bbox 451 1851 561 1896; x_wconf 75' lang='lat' dir='ltr'>munira,</span> <span class='ocrx_word' id='word_1_130' title='bbox 580 1833 623 1884; x_wconf 77' lang='lat' dir='ltr'>red</span> <span class='ocrx_word' id='word_1_131' title='bbox 643 1839 776 1900; x_wconf 73' lang='lat' dir='ltr'>tamqnam</span> <span class='ocrx_word' id='word_1_132' title='bbox 800 1829 908 1883; x_wconf 85' lang='lat' dir='ltr'>mendici</span> <span class='ocrx_word' id='word_1_133' title='bbox 929 1827 1038 1894; x_wconf 83' lang='lat' dir='ltr'>spolium</span> <span class='ocrx_word' id='word_1_134' title='bbox 1059 1823 1138 1874; x_wconf 88' lang='lat' dir='ltr'>etiam</span> <span class='ocrx_word' id='word_1_135' title='bbox 1157 1820 1302 1885; x_wconf 77' lang='lat' dir='ltr'>fastidiose</span> 
     </span>
     <span class='ocr_line' id='line_1_17' title="bbox 320 1903 1303 1980; baseline -0.016 -10"><span class='ocrx_word' id='word_1_136' title='bbox 320 1903 477 1970; x_wconf 78' lang='lat' dir='ltr'>venditabat.</span> <span class='ocrx_word' id='word_1_137' title='bbox 511 1917 571 1980; x_wconf 87' lang='grc'>132,</span> <span class='ocrx_word' id='word_1_138' title='bbox 586 1917 610 1968; x_wconf 83' lang='grc'>8.</span> <span class='ocrx_word' id='word_1_139' title='bbox 628 1934 691 1968; x_wconf 84' lang='lat' dir='ltr'>narn</span> <span class='ocrx_word' id='word_1_140' title='bbox 708 1935 755 1968; x_wconf 86' lang='lat' dir='ltr'>nco</span> <span class='ocrx_word' id='word_1_141' title='bbox 770 1913 906 1973; x_wconf 78' lang='lat' dir='ltr'>noriinarc</span> <span class='ocrx_word' id='word_1_142' title='bbox 921 1913 1022 1980; x_wconf 81' lang='lat' dir='ltr'>quidem</span> <span class='ocrx_word' id='word_1_143' title='bbox 1042 1917 1068 1960; x_wconf 88' lang='lat' dir='ltr'>te</span> <span class='ocrx_word' id='word_1_144' title='bbox 1081 1909 1150 1958; x_wconf 77' lang='lat' dir='ltr'>inter</span> <span class='ocrx_word' id='word_1_145' title='bbox 1164 1923 1204 1958; x_wconf 81' lang='lat' dir='ltr'>rea</span> <span class='ocrx_word' id='word_1_146' title='bbox 1219 1905 1303 1956; x_wconf 73' lang='lat' dir='ltr'>cerina</span> 
     </span>
     <span class='ocr_line' id='line_1_18' title="bbox 212 1987 1302 2074; baseline -0.019 -15"><span class='ocrx_word' id='word_1_147' title='bbox 212 2065 217 2074; x_wconf 36' lang='lat'><strong><em>¹</em></strong></span> <span class='ocrx_word' id='word_1_148' title='bbox 278 2009 282 2014; x_wconf 74' lang='grc'><strong>“</strong></span> <span class='ocrx_word' id='word_1_149' title='bbox 314 2010 424 2072; x_wconf 81' lang='lat' dir='ltr'>saecat.</span> <span class='ocrx_word' id='word_1_150' title='bbox 460 1999 679 2054; x_wconf 76' lang='lat' dir='ltr'>Hicverbcrum</span> <span class='ocrx_word' id='word_1_151' title='bbox 695 2019 757 2054; x_wconf 76' lang='lat' dir='ltr'>ueras</span> <span class='ocrx_word' id='word_1_152' title='bbox 773 2001 808 2053; x_wconf 85' lang='lat' dir='ltr'>ub</span> <span class='ocrx_word' id='word_1_153' title='bbox 827 1999 880 2064; x_wconf 79' lang='lat' dir='ltr'>iis,</span> <span class='ocrx_word' id='word_1_154' title='bbox 898 1995 992 2066; x_wconf 85' lang='lat' dir='ltr'>quide</span> <span class='ocrx_word' id='word_1_155' title='bbox 1009 1999 1099 2071; x_wconf 64' lang='lat' dir='ltr'>aetate</span> <span class='ocrx_word' id='word_1_156' title='bbox 1114 1987 1235 2044; x_wconf 84' lang='lat' dir='ltr'>Petronii</span> <span class='ocrx_word' id='word_1_157' title='bbox 1255 1988 1302 2039; x_wconf 89' lang='lat' dir='ltr'>iu-</span> 
     </span>
     <span class='ocr_line' id='line_1_19' title="bbox 255 2073 1325 2149; baseline -0.014 -8"><span class='ocrx_word' id='word_1_158' title='bbox 255 2103 257 2108; x_wconf 87' lang='grc'><strong>’</strong></span> <span class='ocrx_word' id='word_1_159' title='bbox 323 2089 415 2140; x_wconf 86' lang='lat' dir='ltr'>dicare</span> <span class='ocrx_word' id='word_1_160' title='bbox 439 2086 542 2149; x_wconf 79' lang='lat' dir='ltr'>velint,</span> <span class='ocrx_word' id='word_1_161' title='bbox 569 2086 735 2138; x_wconf 77' lang='lat' dir='ltr'>considerari</span> <span class='ocrx_word' id='word_1_162' title='bbox 764 2087 861 2138; x_wconf 84' lang='lat' dir='ltr'>debet:</span> <span class='ocrx_word' id='word_1_163' title='bbox 889 2088 981 2134; x_wconf 81' lang='lat' dir='ltr'>tarrrcn</span> <span class='ocrx_word' id='word_1_164' title='bbox 1004 2095 1027 2130; x_wconf 92' lang='lat' dir='ltr'>c.</span> <span class='ocrx_word' id='word_1_165' title='bbox 1053 2077 1111 2130; x_wconf 85' lang='lat'>110.</span> <span class='ocrx_word' id='word_1_166' title='bbox 1140 2076 1167 2126; x_wconf 88' lang='lat' dir='ltr'>in</span> <span class='ocrx_word' id='word_1_167' title='bbox 1189 2073 1300 2126; x_wconf 73' lang='lat' dir='ltr'>verbine</span> <span class='ocrx_word' id='word_1_168' title='bbox 1324 2111 1325 2114; x_wconf 19' lang='grc' dir='ltr'><strong>κ</strong></span> 
     </span>
     <span class='ocr_line' id='line_1_20' title="bbox 237 2159 1302 2242; baseline -0.017 -16"><span class='ocrx_word' id='word_1_169' title='bbox 237 2222 252 2236; x_wconf 56' lang='grc'>,</span> <span class='ocrx_word' id='word_1_170' title='bbox 322 2191 396 2242; x_wconf 80' lang='lat' dir='ltr'>quem</span> <span class='ocrx_word' id='word_1_171' title='bbox 409 2171 522 2239; x_wconf 77' lang='lat' dir='ltr'>alloquio</span> <span class='ocrx_word' id='word_1_172' title='bbox 537 2171 646 2238; x_wconf 81' lang='lat' dir='ltr'>dignum</span> <span class='ocrx_word' id='word_1_173' title='bbox 661 2189 705 2222; x_wconf 85' lang='lat' dir='ltr'>acc</span> <span class='ocrx_word' id='word_1_174' title='bbox 715 2172 800 2238; x_wconf 59' lang='lat' dir='ltr'>lrpcar</span> <span class='ocrx_word' id='word_1_175' title='bbox 811 2170 913 2238; x_wconf 81' lang='lat' dir='ltr'>quidem</span> <span class='ocrx_word' id='word_1_176' title='bbox 927 2167 1048 2235; x_wconf 69' lang='lat' dir='ltr'>eraderet,</span> <span class='ocrx_word' id='word_1_177' title='bbox 1067 2163 1125 2214; x_wconf 86' lang='lat' dir='ltr'>carl.</span> <span class='ocrx_word' id='word_1_178' title='bbox 1143 2159 1302 2211; x_wconf 83' lang='lat' dir='ltr'>memmian.</span> 
     </span>
     <span class='ocr_line' id='line_1_21' title="bbox 290 2239 1300 2322; baseline -0.019 -9"><span class='ocrx_word' id='word_1_179' title='bbox 290 2269 292 2272; x_wconf 85' lang='lat'>&#39;</span> <span class='ocrx_word' id='word_1_180' title='bbox 320 2247 460 2312; x_wconf 85' lang='lat' dir='ltr'>habetne.</span> <span class='ocrx_word' id='word_1_181' title='bbox 495 2255 573 2322; x_wconf 79' lang='lat' dir='ltr'>Apud</span> <span class='ocrx_word' id='word_1_182' title='bbox 591 2252 759 2308; x_wconf 69' lang='lat' dir='ltr'>Curtium‘i‘n</span> <span class='ocrx_word' id='word_1_183' title='bbox 782 2253 870 2307; x_wconf 83' lang='lat' dir='ltr'>tribue</span> <span class='ocrx_word' id='word_1_184' title='bbox 893 2239 958 2304; x_wconf 72' lang='lat' dir='ltr'>lucie</span> <span class='ocrx_word' id='word_1_185' title='bbox 972 2249 1057 2318; x_wconf 69' lang='lat' dir='ltr'>uulgo</span> <span class='ocrx_word' id='word_1_186' title='bbox 1079 2246 1182 2314; x_wconf 78' lang='lat' dir='ltr'>legitur</span> <span class='ocrx_word' id='word_1_187' title='bbox 1204 2263 1250 2296; x_wconf 85' lang='lat' dir='ltr'>uec</span> <span class='ocrx_word' id='word_1_188' title='bbox 1264 2271 1300 2284; x_wconf 85' lang='lat'>-</span> 
     </span>
     <span class='ocr_line' id='line_1_22' title="bbox 319 2313 1300 2415; baseline -0.017 -18"><span class='ocrx_word' id='word_1_189' title='bbox 319 2345 441 2415; x_wconf 76' lang='lat' dir='ltr'>quidem.-</span> <span class='ocrx_word' id='word_1_190' title='bbox 459 2342 506 2392; x_wconf 81' lang='lat' dir='ltr'>ned</span> <span class='ocrx_word' id='word_1_191' title='bbox 522 2341 549 2392; x_wconf 88' lang='lat' dir='ltr'>in</span> <span class='ocrx_word' id='word_1_192' title='bbox 563 2339 589 2404; x_wconf 86' lang='grc'>3,</span> <span class='ocrx_word' id='word_1_193' title='bbox 605 2341 647 2402; x_wconf 87' lang='grc'>11,</span> <span class='ocrx_word' id='word_1_194' title='bbox 662 2341 704 2392; x_wconf 92' lang='grc'>21.</span> <span class='ocrx_word' id='word_1_195' title='bbox 727 2347 754 2392; x_wconf 87' lang='lat' dir='ltr'>et</span> <span class='ocrx_word' id='word_1_196' title='bbox 767 2339 792 2400; x_wconf 94' lang='grc'>3,</span> <span class='ocrx_word' id='word_1_197' title='bbox 807 2339 850 2402; x_wconf 92' lang='grc'>11,</span> <span class='ocrx_word' id='word_1_198' title='bbox 864 2337 907 2390; x_wconf 80' lang='grc'><strong>24.</strong></span> <span class='ocrx_word' id='word_1_199' title='bbox 928 2335 1010 2389; x_wconf 80' lang='lat' dir='ltr'>ctiam</span> <span class='ocrx_word' id='word_1_200' title='bbox 1035 2331 1141 2384; x_wconf 75' lang='lat' dir='ltr'>codices</span> <span class='ocrx_word' id='word_1_201' title='bbox 1164 2313 1300 2396; x_wconf 77' lang='lat' dir='ltr'>praebent</span> 
     </span>
     <span class='ocr_line' id='line_1_23' title="bbox 321 2409 1298 2493; baseline -0.021 -9"><span class='ocrx_word' id='word_1_202' title='bbox 321 2449 368 2493; x_wconf 83' lang='lat' dir='ltr'>ne,</span> <span class='ocrx_word' id='word_1_203' title='bbox 389 2433 418 2480; x_wconf 90' lang='lat' dir='ltr'>et</span> <span class='ocrx_word' id='word_1_204' title='bbox 437 2426 476 2492; x_wconf 78' lang='lat' dir='ltr'>tu,</span> <span class='ocrx_word' id='word_1_205' title='bbox 494 2425 519 2490; x_wconf 85' lang='grc'>4,</span> <span class='ocrx_word' id='word_1_206' title='bbox 534 2425 559 2476; x_wconf 93' lang='grc'>3.</span> <span class='ocrx_word' id='word_1_207' title='bbox 580 2425 614 2476; x_wconf 87' lang='lat' dir='ltr'>ud</span> <span class='ocrx_word' id='word_1_208' title='bbox 630 2425 746 2490; x_wconf 77' lang='lat' dir='ltr'>alteram</span> <span class='ocrx_word' id='word_1_209' title='bbox 764 2430 866 2492; x_wconf 74' lang='lat' dir='ltr'>genus,</span> <span class='ocrx_word' id='word_1_210' title='bbox 884 2424 918 2474; x_wconf 88' lang='lat' dir='ltr'>de</span> <span class='ocrx_word' id='word_1_211' title='bbox 935 2438 987 2490; x_wconf 90' lang='lat' dir='ltr'>quo</span> <span class='ocrx_word' id='word_1_212' title='bbox 1004 2439 1030 2478; x_wconf 88' lang='lat' dir='ltr'>u.</span> <span class='ocrx_word' id='word_1_213' title='bbox 1045 2417 1070 2470; x_wconf 94' lang='grc'>3.</span> <span class='ocrx_word' id='word_1_214' title='bbox 1090 2416 1213 2468; x_wconf 73' lang='lat' dir='ltr'>uictura·</span> <span class='ocrx_word' id='word_1_215' title='bbox 1227 2409 1298 2478; x_wconf 78' lang='lat' dir='ltr'>nuria,</span> 
     </span>
     <span class='ocr_line' id='line_1_24' title="bbox 321 2486 1299 2583; baseline -0.017 -18"><span class='ocrx_word' id='word_1_216' title='bbox 321 2511 448 2583; x_wconf 79' lang='lat' dir='ltr'>pertinet.</span> <span class='ocrx_word' id='word_1_217' title='bbox 483 2511 632 2577; x_wconf 80' lang='lat' dir='ltr'>Exempla,</span> <span class='ocrx_word' id='word_1_218' title='bbox 652 2527 721 2575; x_wconf 86' lang='lat' dir='ltr'>quae</span> <span class='ocrx_word' id='word_1_219' title='bbox 738 2509 766 2560; x_wconf 89' lang='lat' dir='ltr'>in</span> <span class='ocrx_word' id='word_1_220' title='bbox 782 2507 891 2576; x_wconf 84' lang='lat' dir='ltr'>Apuleii</span> <span class='ocrx_word' id='word_1_221' title='bbox 908 2507 1021 2559; x_wconf 76' lang='lat' dir='ltr'>nietam.</span> <span class='ocrx_word' id='word_1_222' title='bbox 1039 2486 1228 2564; x_wconf 71' lang='lat' dir='ltr'>inieniuntur,</span> <span class='ocrx_word' id='word_1_223' title='bbox 1248 2515 1299 2549; x_wconf 89' lang='lat' dir='ltr'>no-</span> 
     </span>
    </p>

    <p class='ocr_par' dir='ltr' id='par_1_4' title="bbox 164 2579 879 2664">
     <span class='ocr_line' id='line_1_25' title="bbox 164 2579 879 2664; baseline -0.02 -8"><span class='ocrx_word' id='word_1_224' title='bbox 164 2655 165 2664; x_wconf 45' lang='lat'>,</span> <span class='ocrx_word' id='word_1_225' title='bbox 213 2639 223 2652; x_wconf 63' lang='grc'><strong>.</strong></span> <span class='ocrx_word' id='word_1_226' title='bbox 320 2597 389 2654; x_wconf 80' lang='lat' dir='ltr'>tavit</span> <span class='ocrx_word' id='word_1_227' title='bbox 403 2595 573 2662; x_wconf 86' lang='lat' dir='ltr'>Oudendorp.</span> <span class='ocrx_word' id='word_1_228' title='bbox 590 2611 615 2661; x_wconf 88' lang='lat' dir='ltr'>p.</span> <span class='ocrx_word' id='word_1_229' title='bbox 631 2593 690 2646; x_wconf 77' lang='lat'>158.</span> <span class='ocrx_word' id='word_1_230' title='bbox 725 2623 727 2628; x_wconf 66' lang='lat'>,</span> <span class='ocrx_word' id='word_1_231' title='bbox 877 2579 879 2587; x_wconf 19' lang='grc' dir='ltr'><strong>Α</strong></span> 
     </span>
    </p>
   </div>
   <div class='ocr_carea' id='block_1_4' title="bbox 243 2720 1314 3310">
    <p class='ocr_par' dir='ltr' id='par_1_5' title="bbox 354 2720 1299 2797">
     <span class='ocr_line' id='line_1_26' title="bbox 354 2720 1299 2797; baseline -0.015 -13"><span class='ocrx_word' id='word_1_232' title='bbox 354 2732 458 2784; x_wconf 79' lang='lat' dir='ltr'>Seneca</span> <span class='ocrx_word' id='word_1_233' title='bbox 474 2729 507 2780; x_wconf 88' lang='lat' dir='ltr'>de</span> <span class='ocrx_word' id='word_1_234' title='bbox 522 2729 567 2780; x_wconf 88' lang='lat' dir='ltr'>Ira</span> <span class='ocrx_word' id='word_1_235' title='bbox 585 2727 611 2790; x_wconf 92' lang='lat' dir='ltr'>l,</span> <span class='ocrx_word' id='word_1_236' title='bbox 626 2725 651 2790; x_wconf 86' lang='lat'>6,</span> <span class='ocrx_word' id='word_1_237' title='bbox 668 2725 693 2778; x_wconf 91' lang='grc'>2.</span> <span class='ocrx_word' id='word_1_238' title='bbox 715 2745 768 2778; x_wconf 88' lang='lat' dir='ltr'>noa</span> <span class='ocrx_word' id='word_1_239' title='bbox 791 2734 828 2780; x_wconf 82' lang='lat' dir='ltr'>cst</span> <span class='ocrx_word' id='word_1_240' title='bbox 854 2745 920 2797; x_wconf 83' lang='lat' dir='ltr'>ergo</span> <span class='ocrx_word' id='word_1_241' title='bbox 944 2731 1043 2778; x_wconf 86' lang='lat' dir='ltr'>actara</span> <span class='ocrx_word' id='word_1_242' title='bbox 1066 2720 1178 2774; x_wconf 78' lang='lat' dir='ltr'>lrnrainiu</span> <span class='ocrx_word' id='word_1_243' title='bbox 1199 2735 1299 2786; x_wconf 85' lang='lat' dir='ltr'>poenae</span> 
     </span>
    </p>

    <p class='ocr_par' dir='ltr' id='par_1_6' title="bbox 243 2803 1314 2970">
     <span class='ocr_line' id='line_1_27' title="bbox 243 2803 1314 2885; baseline -0.012 -16"><span class='ocrx_word' id='word_1_244' title='bbox 243 2823 247 2834; x_wconf 90' lang='grc'><strong>’</strong></span> <span class='ocrx_word' id='word_1_245' title='bbox 319 2821 461 2885; x_wconf 65' lang='lat' dir='ltr'>appetens:</span> <span class='ocrx_word' id='word_1_246' title='bbox 479 2821 503 2866; x_wconf 87' lang='lat' dir='ltr'>et</span> <span class='ocrx_word' id='word_1_247' title='bbox 520 2815 577 2866; x_wconf 85' lang='lat' dir='ltr'>ideo</span> <span class='ocrx_word' id='word_1_248' title='bbox 591 2831 639 2864; x_wconf 85' lang='lat' dir='ltr'>nec</span> <span class='ocrx_word' id='word_1_249' title='bbox 651 2813 694 2864; x_wconf 87' lang='lat' dir='ltr'>ira</span> <span class='ocrx_word' id='word_1_250' title='bbox 703 2813 803 2880; x_wconf 82' lang='lat' dir='ltr'>quidem</span> <span class='ocrx_word' id='word_1_251' title='bbox 819 2815 955 2864; x_wconf 80' lang='lat' dir='ltr'>secundam</span> <span class='ocrx_word' id='word_1_252' title='bbox 969 2817 1090 2863; x_wconf 84' lang='lat' dir='ltr'>nutrrrurn</span> <span class='ocrx_word' id='word_1_253' title='bbox 1106 2805 1223 2864; x_wconf 77' lang='lat' dir='ltr'>bominis,</span> <span class='ocrx_word' id='word_1_254' title='bbox 1234 2803 1314 2870; x_wconf 64' lang='lat' dir='ltr'>quia,</span> 
     </span>
     <span class='ocr_line' id='line_1_28' title="bbox 301 2888 1298 2970; baseline -0.016 -17"><span class='ocrx_word' id='word_1_255' title='bbox 301 2906 304 2914; x_wconf 82' lang='lat'><em>&#39;</em></span> <span class='ocrx_word' id='word_1_256' title='bbox 320 2917 419 2970; x_wconf 85' lang='lat' dir='ltr'>poenae</span> <span class='ocrx_word' id='word_1_257' title='bbox 434 2906 557 2966; x_wconf 72' lang='lat' dir='ltr'>appetere</span> <span class='ocrx_word' id='word_1_258' title='bbox 577 2907 622 2950; x_wconf 82' lang='lat' dir='ltr'>est.</span> <span class='ocrx_word' id='word_1_259' title='bbox 657 2897 683 2962; x_wconf 84' lang='lat'>3,</span> <span class='ocrx_word' id='word_1_260' title='bbox 698 2895 723 2956; x_wconf 79' lang='grc'>4,</span> <span class='ocrx_word' id='word_1_261' title='bbox 737 2895 763 2950; x_wconf 88' lang='grc'>3.</span> <span class='ocrx_word' id='word_1_262' title='bbox 781 2916 834 2948; x_wconf 89' lang='lat' dir='ltr'>non</span> <span class='ocrx_word' id='word_1_263' title='bbox 848 2900 886 2949; x_wconf 85' lang='lat' dir='ltr'>oie</span> <span class='ocrx_word' id='word_1_264' title='bbox 901 2915 965 2966; x_wconf 81' lang='lat' dir='ltr'>crgo</span> <span class='ocrx_word' id='word_1_265' title='bbox 980 2895 1133 2946; x_wconf 80' lang='lat' dir='ltr'>admoneam</span> <span class='ocrx_word' id='word_1_266' title='bbox 1145 2906 1194 2951; x_wconf 81' lang='lat' dir='ltr'>eos,</span> <span class='ocrx_word' id='word_1_267' title='bbox 1211 2888 1298 2955; x_wconf 82' lang='lat' dir='ltr'>qai-</span> 
     </span>
    </p>

    <p class='ocr_par' dir='ltr' id='par_1_7' title="bbox 319 2972 1298 3054">
     <span class='ocr_line' id='line_1_29' title="bbox 319 2972 1298 3054; baseline -0.017 -15"><span class='ocrx_word' id='word_1_268' title='bbox 319 2990 348 3039; x_wconf 85' lang='lat' dir='ltr'>in</span> <span class='ocrx_word' id='word_1_269' title='bbox 360 3001 476 3054; x_wconf 85' lang='lat' dir='ltr'>magnae</span> <span class='ocrx_word' id='word_1_270' title='bbox 484 2987 610 3050; x_wconf 81' lang='lat' dir='ltr'>fortunae</span> <span class='ocrx_word' id='word_1_271' title='bbox 623 2984 693 3034; x_wconf 56' lang='lat' dir='ltr'>bourn</span> <span class='ocrx_word' id='word_1_272' title='bbox 707 2991 805 3052; x_wconf 85' lang='lat' dir='ltr'>ponunt</span> <span class='ocrx_word' id='word_1_273' title='bbox 816 2991 939 3052; x_wconf 84' lang='lat' dir='ltr'>paratum</span> <span class='ocrx_word' id='word_1_274' title='bbox 954 2980 1088 3038; x_wconf 79' lang='lat' dir='ltr'>ultionem,</span> <span class='ocrx_word' id='word_1_275' title='bbox 1104 2991 1182 3041; x_wconf 81' lang='lat' dir='ltr'>quara</span> <span class='ocrx_word' id='word_1_276' title='bbox 1196 2991 1247 3023; x_wconf 85' lang='lat' dir='ltr'>non</span> <span class='ocrx_word' id='word_1_277' title='bbox 1263 2972 1298 3024; x_wconf 82' lang='lat' dir='ltr'>eit</span> 
     </span>
    </p>

    <p class='ocr_par' dir='ltr' id='par_1_8' title="bbox 244 3055 1298 3310">
     <span class='ocr_line' id='line_1_30' title="bbox 244 3055 1298 3142; baseline -0.016 -19"><span class='ocrx_word' id='word_1_278' title='bbox 244 3121 247 3129; x_wconf 79' lang='grc'>,</span> <span class='ocrx_word' id='word_1_279' title='bbox 319 3071 423 3142; x_wconf 69' lang='lat' dir='ltr'>putens,</span> <span class='ocrx_word' id='word_1_280' title='bbox 441 3071 517 3122; x_wconf 85' lang='lat' dir='ltr'>immo</span> <span class='ocrx_word' id='word_1_281' title='bbox 533 3085 578 3120; x_wconf 87' lang='lat' dir='ltr'>nec</span> <span class='ocrx_word' id='word_1_282' title='bbox 601 3068 664 3120; x_wconf 81' lang='lat' dir='ltr'>liber</span> <span class='ocrx_word' id='word_1_283' title='bbox 679 3069 781 3135; x_wconf 81' lang='lat' dir='ltr'>quidem</span> <span class='ocrx_word' id='word_1_284' title='bbox 796 3069 848 3120; x_wconf 87' lang='lat' dir='ltr'>dici</span> <span class='ocrx_word' id='word_1_285' title='bbox 866 3067 946 3136; x_wconf 79' lang='lat' dir='ltr'>poerit</span> <span class='ocrx_word' id='word_1_286' title='bbox 963 3066 1018 3115; x_wconf 88' lang='lat' dir='ltr'>irae</span> <span class='ocrx_word' id='word_1_287' title='bbox 1035 3077 1096 3112; x_wconf 79' lang='lat' dir='ltr'>rarae</span> <span class='ocrx_word' id='word_1_288' title='bbox 1117 3057 1240 3124; x_wconf 64' lang='lat' dir='ltr'>captari*</span> <span class='ocrx_word' id='word_1_289' title='bbox 1264 3055 1298 3106; x_wconf 82' lang='lat' dir='ltr'>de</span> 
     </span>
     <span class='ocr_line' id='line_1_31' title="bbox 301 3143 1297 3222; baseline -0.017 -14"><span class='ocrx_word' id='word_1_290' title='bbox 301 3191 303 3196; x_wconf 68' lang='lat'>,</span> <span class='ocrx_word' id='word_1_291' title='bbox 321 3156 411 3208; x_wconf 78' lang='lat' dir='ltr'>Gonni.</span> <span class='ocrx_word' id='word_1_292' title='bbox 428 3171 484 3222; x_wconf 83' lang='lat' dir='ltr'>sup.</span> <span class='ocrx_word' id='word_1_293' title='bbox 498 3151 525 3217; x_wconf 86' lang='grc'>8,</span> <span class='ocrx_word' id='word_1_294' title='bbox 541 3152 564 3203; x_wconf 83' lang='lat' dir='ltr'>l.</span> <span class='ocrx_word' id='word_1_295' title='bbox 586 3168 629 3204; x_wconf 86' lang='lat' dir='ltr'>nec</span> <span class='ocrx_word' id='word_1_296' title='bbox 651 3153 772 3220; x_wconf 75' lang='lat' dir='ltr'>estquod</span> <span class='ocrx_word' id='word_1_297' title='bbox 791 3153 906 3213; x_wconf 80' lang='lat' dir='ltr'>mireris,</span> <span class='ocrx_word' id='word_1_298' title='bbox 923 3151 946 3200; x_wconf 83' lang='lat' dir='ltr'>ri</span> <span class='ocrx_word' id='word_1_299' title='bbox 967 3165 1040 3200; x_wconf 76' lang='lat' dir='ltr'>nenio</span> <span class='ocrx_word' id='word_1_300' title='bbox 1063 3151 1144 3214; x_wconf 75' lang='lat' dir='ltr'>palent</span> <span class='ocrx_word' id='word_1_301' title='bbox 1162 3143 1204 3194; x_wconf 82' lang='lat' dir='ltr'>illi</span> <span class='ocrx_word' id='word_1_302' title='bbox 1224 3143 1297 3193; x_wconf 87' lang='lat' dir='ltr'>iniu-</span> 
     </span>
     <span class='ocr_line' id='line_1_32' title="bbox 320 3226 1295 3310; baseline -0.017 -16"><span class='ocrx_word' id='word_1_303' title='bbox 320 3244 387 3295; x_wconf 88' lang='lat' dir='ltr'>riam</span> <span class='ocrx_word' id='word_1_304' title='bbox 398 3245 508 3310; x_wconf 82' lang='lat' dir='ltr'>faeere,</span> <span class='ocrx_word' id='word_1_305' title='bbox 533 3253 578 3288; x_wconf 86' lang='lat' dir='ltr'>nec</span> <span class='ocrx_word' id='word_1_306' title='bbox 600 3238 719 3305; x_wconf 70' lang='lat' dir='ltr'>prodesse</span> <span class='ocrx_word' id='word_1_307' title='bbox 739 3237 841 3304; x_wconf 79' lang='lat' dir='ltr'>quidem</span> <span class='ocrx_word' id='word_1_308' title='bbox 863 3235 996 3304; x_wconf 73' lang='lat' dir='ltr'>quiequam</span> <span class='ocrx_word' id='word_1_309' title='bbox 1013 3237 1104 3299; x_wconf 78' lang='lat' dir='ltr'>patent.</span> <span class='ocrx_word' id='word_1_310' title='bbox 1137 3226 1208 3280; x_wconf 90' lang='lat' dir='ltr'>Pliu.</span> <span class='ocrx_word' id='word_1_311' title='bbox 1226 3226 1295 3278; x_wconf 86' lang='lat' dir='ltr'>Pau.</span> 
     </span>
    </p>
   </div>
   <div class='ocr_carea' id='block_1_5' title="bbox 222 3316 1389 3391">
    <p class='ocr_par' dir='ltr' id='par_1_9' title="bbox 222 3316 1389 3391">
     <span class='ocr_line' id='line_1_33' title="bbox 222 3316 1389 3391; baseline -0.018 -10"><span class='ocrx_word' id='word_1_312' title='bbox 222 3357 226 3372; x_wconf 88' lang='lat'>.</span> <span class='ocrx_word' id='word_1_313' title='bbox 317 3325 368 3391; x_wconf 77' lang='lat'>2⁴1,</span> <span class='ocrx_word' id='word_1_314' title='bbox 383 3324 409 3378; x_wconf 84' lang='lat'>4.</span> <span class='ocrx_word' id='word_1_315' title='bbox 428 3325 510 3376; x_wconf 76' lang='lat' dir='ltr'>sciunt</span> <span class='ocrx_word' id='word_1_316' title='bbox 524 3324 559 3362; x_wconf 81' lang='lat'>-&#39;·</span> <span class='ocrx_word' id='word_1_317' title='bbox 575 3322 737 3390; x_wconf 74' lang='lat' dir='ltr'>locupletatis</span> <span class='ocrx_word' id='word_1_318' title='bbox 755 3316 808 3374; x_wconf 80' lang='lat' dir='ltr'>tarn</span> <span class='ocrx_word' id='word_1_319' title='bbox 831 3320 918 3376; x_wconf 74' lang='lat' dir='ltr'>multis</span> <span class='ocrx_word' id='word_1_320' title='bbox 933 3317 1112 3386; x_wconf 83' lang='lat' dir='ltr'>pauperiorem</span> <span class='ocrx_word' id='word_1_321' title='bbox 1127 3333 1178 3367; x_wconf 80' lang='lat' dir='ltr'>esee</span> <span class='ocrx_word' id='word_1_322' title='bbox 1188 3318 1296 3380; x_wconf 78' lang='lat' dir='ltr'>facturn</span> <span class='ocrx_word' id='word_1_323' title='bbox 1386 3370 1389 3378; x_wconf 32' lang='grc'>1</span> 
     </span>
    </p>
   </div>
   <div class='ocr_carea' id='block_1_6' title="bbox 246 3397 1314 4243">
    <p class='ocr_par' dir='ltr' id='par_1_10' title="bbox 246 3397 1314 4243">
     <span class='ocr_line' id='line_1_34' title="bbox 317 3397 1295 3483; baseline -0.015 -20"><span class='ocrx_word' id='word_1_324' title='bbox 317 3413 461 3483; x_wconf 86' lang='lat' dir='ltr'>principem</span> <span class='ocrx_word' id='word_1_325' title='bbox 473 3409 594 3460; x_wconf 70' lang='lat' dir='ltr'>lantonae</span> <span class='ocrx_word' id='word_1_326' title='bbox 611 3425 768 3474; x_wconf 77' lang='lat' dir='ltr'>quamquam</span> <span class='ocrx_word' id='word_1_327' title='bbox 782 3424 827 3458; x_wconf 83' lang='lat' dir='ltr'>nec</span> <span class='ocrx_word' id='word_1_328' title='bbox 845 3406 912 3456; x_wconf 82' lang='lat' dir='ltr'>baar</span> <span class='ocrx_word' id='word_1_329' title='bbox 926 3403 1035 3470; x_wconf 78' lang='lat' dir='ltr'>quidem.</span> <span class='ocrx_word' id='word_1_330' title='bbox 1065 3397 1210 3455; x_wconf 58' lang='lat' dir='ltr'>&#39;Eraenliua</span> <span class='ocrx_word' id='word_1_331' title='bbox 1233 3414 1295 3449; x_wconf 59' lang='lat' dir='ltr'>cor*</span> 
     </span>
     <span class='ocr_line' id='line_1_35' title="bbox 318 3482 1314 3564; baseline -0.015 -16"><span class='ocrx_word' id='word_1_332' title='bbox 318 3496 376 3564; x_wconf 86' lang='lat' dir='ltr'>rigi</span> <span class='ocrx_word' id='word_1_333' title='bbox 392 3496 469 3547; x_wconf 89' lang='lat' dir='ltr'>iubet</span> <span class='ocrx_word' id='word_1_334' title='bbox 483 3511 521 3545; x_wconf 88' lang='lat' dir='ltr'>nc.</span> <span class='ocrx_word' id='word_1_335' title='bbox 553 3491 704 3544; x_wconf 78' lang='lat' dir='ltr'>Plinllist.</span> <span class='ocrx_word' id='word_1_336' title='bbox 721 3509 748 3542; x_wconf 90' lang='lat' dir='ltr'>u.</span> <span class='ocrx_word' id='word_1_337' title='bbox 765 3489 790 3552; x_wconf 90' lang='grc'>8,</span> <span class='ocrx_word' id='word_1_338' title='bbox 802 3489 845 3553; x_wconf 87' lang='grc'>36,</span> <span class='ocrx_word' id='word_1_339' title='bbox 862 3486 904 3540; x_wconf 78' lang='grc'><strong>64.</strong></span> <span class='ocrx_word' id='word_1_340' title='bbox 923 3488 1014 3556; x_wconf 85' lang='lat' dir='ltr'>quippe</span> <span class='ocrx_word' id='word_1_341' title='bbox 1029 3501 1076 3538; x_wconf 82' lang='lat' dir='ltr'>nea</span> <span class='ocrx_word' id='word_1_342' title='bbox 1090 3503 1175 3537; x_wconf 80' lang='lat' dir='ltr'>somno</span> <span class='ocrx_word' id='word_1_343' title='bbox 1191 3484 1295 3551; x_wconf 77' lang='lat' dir='ltr'>quidem</span> <span class='ocrx_word' id='word_1_344' title='bbox 1313 3482 1314 3486; x_wconf 71' lang='grc'>’</span> 
     </span>
     <span class='ocr_line' id='line_1_36' title="bbox 267 3567 1292 3650; baseline -0.016 -16"><span class='ocrx_word' id='word_1_345' title='bbox 267 3626 269 3635; x_wconf 79' lang='grc'>,</span> <span class='ocrx_word' id='word_1_346' title='bbox 317 3581 456 3650; x_wconf 64' lang='lat' dir='ltr'>saginatis.</span> <span class='ocrx_word' id='word_1_347' title='bbox 491 3577 568 3644; x_wconf 78' lang='lat' dir='ltr'>Apud</span> <span class='ocrx_word' id='word_1_348' title='bbox 585 3574 781 3642; x_wconf 77' lang='lat' dir='ltr'>Quintilianum</span> <span class='ocrx_word' id='word_1_349' title='bbox 796 3573 839 3640; x_wconf 80' lang='lat'>10,</span> <span class='ocrx_word' id='word_1_350' title='bbox 857 3574 882 3636; x_wconf 88' lang='lat' dir='ltr'>l,</span> <span class='ocrx_word' id='word_1_351' title='bbox 900 3571 943 3624; x_wconf 86' lang='grc'>33.</span> <span class='ocrx_word' id='word_1_352' title='bbox 967 3567 1055 3621; x_wconf 77' lang='lat' dir='ltr'>critiei</span> <span class='ocrx_word' id='word_1_353' title='bbox 1073 3567 1231 3640; x_wconf 81' lang='lat' dir='ltr'>iamdudum</span> <span class='ocrx_word' id='word_1_354' title='bbox 1248 3585 1292 3618; x_wconf 84' lang='lat' dir='ltr'>rc-</span> 
     </span>
     <span class='ocr_line' id='line_1_37' title="bbox 246 3651 1294 3719; baseline -0.015 -2"><span class='ocrx_word' id='word_1_355' title='bbox 246 3661 254 3673; x_wconf 50' lang='lat'>*</span> <span class='ocrx_word' id='word_1_356' title='bbox 317 3663 518 3717; x_wconf 63' lang='lat' dir='ltr'>stitueruntae.</span> <span class='ocrx_word' id='word_1_357' title='bbox 553 3661 613 3714; x_wconf 81' lang='lat' dir='ltr'>Nic.</span> <span class='ocrx_word' id='word_1_358' title='bbox 636 3659 753 3712; x_wconf 84' lang='lat' dir='ltr'>Baebius</span> <span class='ocrx_word' id='word_1_359' title='bbox 778 3661 806 3711; x_wconf 91' lang='lat' dir='ltr'>in</span> <span class='ocrx_word' id='word_1_360' title='bbox 823 3655 918 3710; x_wconf 77' lang='lat' dir='ltr'>Annul.</span> <span class='ocrx_word' id='word_1_361' title='bbox 939 3655 1024 3706; x_wconf 76' lang='lat' dir='ltr'>schol.</span> <span class='ocrx_word' id='word_1_362' title='bbox 1047 3671 1072 3706; x_wconf 84' lang='lat' dir='ltr'>a.</span> <span class='ocrx_word' id='word_1_363' title='bbox 1090 3653 1166 3705; x_wconf 85' lang='grc'><strong>1833.</strong></span> <span class='ocrx_word' id='word_1_364' title='bbox 1186 3671 1213 3719; x_wconf 83' lang='lat' dir='ltr'>p.</span> <span class='ocrx_word' id='word_1_365' title='bbox 1233 3651 1294 3707; x_wconf 83' lang='grc'><strong>861.</strong></span> 
     </span>
     <span class='ocr_line' id='line_1_38' title="bbox 257 3734 1294 3817; baseline -0.014 -16"><span class='ocrx_word' id='word_1_366' title='bbox 257 3745 263 3760; x_wconf 62' lang='grc'><em>”</em></span> <span class='ocrx_word' id='word_1_367' title='bbox 321 3745 552 3817; x_wconf 75' lang='lat' dir='ltr'>benedictionem</span> <span class='ocrx_word' id='word_1_368' title='bbox 576 3740 642 3799; x_wconf 84' lang='lat' dir='ltr'>dicit</span> <span class='ocrx_word' id='word_1_369' title='bbox 659 3743 797 3812; x_wconf 84' lang='lat' dir='ltr'>propriam</span> <span class='ocrx_word' id='word_1_370' title='bbox 812 3743 897 3795; x_wconf 69' lang='lat' dir='ltr'>iniere</span> <span class='ocrx_word' id='word_1_371' title='bbox 909 3739 1026 3813; x_wconf 77' lang='lat' dir='ltr'>¹&#39;l&#39;ucitar</span> <span class='ocrx_word' id='word_1_372' title='bbox 1044 3747 1126 3806; x_wconf 81' lang='lat' dir='ltr'>atquc</span> <span class='ocrx_word' id='word_1_373' title='bbox 1143 3754 1175 3788; x_wconf 85' lang='lat' dir='ltr'>en</span> <span class='ocrx_word' id='word_1_374' title='bbox 1190 3734 1294 3804; x_wconf 81' lang='lat' dir='ltr'>legitur</span> 
     </span>
     <span class='ocr_line' id='line_1_39' title="bbox 267 3819 1292 3894; baseline -0.015 -8"><span class='ocrx_word' id='word_1_375' title='bbox 267 3837 268 3840; x_wconf 75' lang='grc'>’</span> <span class='ocrx_word' id='word_1_376' title='bbox 320 3834 388 3886; x_wconf 83' lang='grc' dir='ltr'><strong>Λιιιι.</strong></span> <span class='ocrx_word' id='word_1_377' title='bbox 407 3833 432 3894; x_wconf 88' lang='grc'>2,</span> <span class='ocrx_word' id='word_1_378' title='bbox 449 3829 491 3884; x_wconf 79' lang='grc'><strong>35.</strong></span> <span class='ocrx_word' id='word_1_379' title='bbox 510 3833 581 3885; x_wconf 80' lang='lat' dir='ltr'>Hiet.</span> <span class='ocrx_word' id='word_1_380' title='bbox 600 3833 624 3894; x_wconf 88' lang='grc'>1,</span> <span class='ocrx_word' id='word_1_381' title='bbox 641 3828 683 3881; x_wconf 89' lang='grc'>66.</span> <span class='ocrx_word' id='word_1_382' title='bbox 701 3829 726 3892; x_wconf 92' lang='grc'>2,</span> <span class='ocrx_word' id='word_1_383' title='bbox 742 3825 783 3880; x_wconf 71' lang='lat' dir='ltr'>nn</span> <span class='ocrx_word' id='word_1_384' title='bbox 805 3829 831 3894; x_wconf 84' lang='lat'>2,</span> <span class='ocrx_word' id='word_1_385' title='bbox 846 3829 889 3881; x_wconf 87' lang='grc'>82.</span> <span class='ocrx_word' id='word_1_386' title='bbox 906 3825 931 3891; x_wconf 82' lang='grc'>4,</span> <span class='ocrx_word' id='word_1_387' title='bbox 947 3823 989 3878; x_wconf 88' lang='grc'>38.</span> <span class='ocrx_word' id='word_1_388' title='bbox 1007 3823 1116 3892; x_wconf 75' lang='lat' dir='ltr'>Dialog.</span> <span class='ocrx_word' id='word_1_389' title='bbox 1131 3823 1175 3874; x_wconf 88' lang='grc'>18.</span> <span class='ocrx_word' id='word_1_390' title='bbox 1189 3821 1232 3873; x_wconf 78' lang='grc'>26.</span> <span class='ocrx_word' id='word_1_391' title='bbox 1249 3819 1292 3872; x_wconf 79' lang='grc'><strong>40.</strong></span> 
     </span>
     <span class='ocr_line' id='line_1_40' title="bbox 318 3905 1292 3979; baseline -0.013 -11"><span class='ocrx_word' id='word_1_392' title='bbox 318 3916 373 3968; x_wconf 80' lang='lat' dir='ltr'>Sed</span> <span class='ocrx_word' id='word_1_393' title='bbox 389 3915 448 3968; x_wconf 86' lang='lat' dir='ltr'>cod.</span> <span class='ocrx_word' id='word_1_394' title='bbox 467 3913 594 3968; x_wconf 63' lang='lat' dir='ltr'>badensis</span> <span class='ocrx_word' id='word_1_395' title='bbox 607 3913 634 3967; x_wconf 92' lang='lat' dir='ltr'>in</span> <span class='ocrx_word' id='word_1_396' title='bbox 650 3914 726 3979; x_wconf 77' lang='lat' dir='ltr'>Hiar,</span> <span class='ocrx_word' id='word_1_397' title='bbox 736 3915 762 3978; x_wconf 87' lang='grc'>2,</span> <span class='ocrx_word' id='word_1_398' title='bbox 776 3913 819 3976; x_wconf 83' lang='grc'>82,</span> <span class='ocrx_word' id='word_1_399' title='bbox 837 3913 865 3965; x_wconf 89' lang='lat' dir='ltr'>in</span> <span class='ocrx_word' id='word_1_400' title='bbox 881 3915 948 3964; x_wconf 79' lang='lat' dir='ltr'>Anu.</span> <span class='ocrx_word' id='word_1_401' title='bbox 965 3911 1008 3972; x_wconf 91' lang='grc'>11,</span> <span class='ocrx_word' id='word_1_402' title='bbox 1027 3908 1053 3960; x_wconf 89' lang='grc'>6.</span> <span class='ocrx_word' id='word_1_403' title='bbox 1074 3905 1116 3972; x_wconf 83' lang='grc'>14,</span> <span class='ocrx_word' id='word_1_404' title='bbox 1134 3905 1177 3958; x_wconf 76' lang='lat'>35.</span> <span class='ocrx_word' id='word_1_405' title='bbox 1196 3905 1239 3972; x_wconf 82' lang='lat'>15,</span> <span class='ocrx_word' id='word_1_406' title='bbox 1251 3906 1292 3956; x_wconf 89' lang='grc'>11.</span> 
     </span>
     <span class='ocr_line' id='line_1_41' title="bbox 319 3988 1293 4066; baseline -0.014 -12"><span class='ocrx_word' id='word_1_407' title='bbox 319 3999 370 4054; x_wconf 80' lang='lat' dir='ltr'>ulii</span> <span class='ocrx_word' id='word_1_408' title='bbox 385 3999 449 4051; x_wconf 86' lang='lat' dir='ltr'>libri</span> <span class='ocrx_word' id='word_1_409' title='bbox 469 4019 500 4053; x_wconf 86' lang='lat' dir='ltr'>ne</span> <span class='ocrx_word' id='word_1_410' title='bbox 522 3999 651 4052; x_wconf 83' lang='lat' dir='ltr'>exhibere</span> <span class='ocrx_word' id='word_1_411' title='bbox 666 4005 826 4052; x_wconf 81' lang='lat' dir='ltr'>narrantur:</span> <span class='ocrx_word' id='word_1_412' title='bbox 845 3997 905 4066; x_wconf 75' lang='lat' dir='ltr'>quie</span> <span class='ocrx_word' id='word_1_413' title='bbox 929 3997 1015 4066; x_wconf 78' lang='lat' dir='ltr'>igitur</span> <span class='ocrx_word' id='word_1_414' title='bbox 1036 3992 1118 4044; x_wconf 85' lang='lat' dir='ltr'>fidem</span> <span class='ocrx_word' id='word_1_415' title='bbox 1142 3988 1225 4050; x_wconf 78' lang='lat' dir='ltr'>acuit,</span> <span class='ocrx_word' id='word_1_416' title='bbox 1239 4007 1293 4041; x_wconf 88' lang='lat' dir='ltr'>nun</span> 
     </span>
     <span class='ocr_line' id='line_1_42' title="bbox 311 4074 1293 4153; baseline -0.014 -13"><span class='ocrx_word' id='word_1_417' title='bbox 311 4085 432 4153; x_wconf 81' lang='lat' dir='ltr'>¹reliquis</span> <span class='ocrx_word' id='word_1_418' title='bbox 447 4084 474 4136; x_wconf 87' lang='lat' dir='ltr'>iu</span> <span class='ocrx_word' id='word_1_419' title='bbox 491 4083 557 4136; x_wconf 81' lang='lat' dir='ltr'>locis</span> <span class='ocrx_word' id='word_1_420' title='bbox 571 4085 612 4136; x_wconf 64' lang='lat' dir='ltr'>ita,</span> <span class='ocrx_word' id='word_1_421' title='bbox 624 4082 687 4152; x_wconf 80' lang='lat' dir='ltr'>legi.</span> <span class='ocrx_word' id='word_1_422' title='bbox 722 4083 799 4150; x_wconf 81' lang='lat' dir='ltr'>Apud</span> <span class='ocrx_word' id='word_1_423' title='bbox 819 4083 930 4137; x_wconf 85' lang='lat' dir='ltr'>Suetou.</span> <span class='ocrx_word' id='word_1_424' title='bbox 948 4079 1042 4133; x_wconf 86' lang='lat' dir='ltr'>Tiber.</span> <span class='ocrx_word' id='word_1_425' title='bbox 1056 4075 1099 4130; x_wconf 80' lang='grc'>31.</span> <span class='ocrx_word' id='word_1_426' title='bbox 1119 4074 1222 4130; x_wconf 80' lang='lat' dir='ltr'>servari</span> <span class='ocrx_word' id='word_1_427' title='bbox 1246 4075 1293 4126; x_wconf 85' lang='lat' dir='ltr'>dc·</span> 
     </span>
     <span class='ocr_line' id='line_1_43' title="bbox 315 4168 854 4243; baseline -0.007 -19"><span class='ocrx_word' id='word_1_428' title='bbox 315 4171 399 4226; x_wconf 83' lang='lat' dir='ltr'>bebut</span> <span class='ocrx_word' id='word_1_429' title='bbox 414 4169 557 4224; x_wconf 84' lang='lat' dir='ltr'>meliorum</span> <span class='ocrx_word' id='word_1_430' title='bbox 574 4168 708 4243; x_wconf 73' lang='lat' dir='ltr'>librarum</span> <span class='ocrx_word' id='word_1_431' title='bbox 720 4186 762 4222; x_wconf 84' lang='lat' dir='ltr'>ne·</span> <span class='ocrx_word' id='word_1_432' title='bbox 851 4187 854 4196; x_wconf 66' lang='lat'><strong>⁴</strong></span> 
     </span>
    </p>
   </div>
   <div class='ocr_carea' id='block_1_7' title="bbox 0 0 1432 4743">
    <p class='ocr_par' dir='ltr' id='par_1_11' title="bbox 0 0 1432 4743">
     <span class='ocr_line' id='line_1_44' title="bbox 0 0 1432 4743; baseline 0 0"><span class='ocrx_word' id='word_1_433' title='bbox 0 0 1432 4743; x_wconf 95' lang='lat' dir='ltr'> </span> 
     </span>
    </p>
   </div>
  </div>
 </body>
</html>
