2860 4756
735 297 864 419 ass

248 575 255 586 ,
315 525 368 586 est,
385 536 426 573 see
434 518 638 574 asmictorilsus
653 517 848 587 patefaciamus
868 530 960 580 aures,
977 531 1008 568 oe
1033 513 1141 572 adulari
1162 525 1210 570 aas
1230 516 1307 596 eina.

313 623 381 660 mus.
413 605 556 665 ltalceelex
570 603 725 673 gothanus,
746 607 774 654 et
795 599 903 670 recepit
922 597 1139 668 Sidreabargius
1158 617 1208 668 pro
1233 619 1306 657 neve.

312 686 586 754 'I'ucit.rtna.2,=15.
604 689 711 740 classem
727 687 819 756 quippe
836 694 861 740 et
878 685 940 740 auia
954 686 1044 738 oceoui
1056 685 1184 753 quaaita,
1202 704 1237 740 ne
1250 689 1307 756 puis
1401 703 1405 710 ·

314 775 469 829 uenientibus
484 782 642 840 occurreret,
659 791 690 826 ue
702 774 789 844 pulsos
803 777 937 843 premeret.
971 769 1020 824 ubi
1043 771 1188 830 Ernestiue
1207 772 1306 827 maluit

314 859 438 913 scribere
459 876 519 912 neu.
562 859 651 926 Atque
672 857 720 910 hic
735 875 805 909 usas
828 863 869 910 est
893 854 1015 908 omnium
1039 855 1223 926 scriptorum,
1250 875 1305 912 nou

314 943 396 997 unius
419 941 522 997 Taciti.
559 940 675 1010 Quintil.
696 939 723 1006 6,
742 940 769 1006 3,
783 939 826 994 33.
850 939 876 1004 1,
898 940 924 1006 3,
947 939 990 995 13.
1026 941 1067 993 De
1091 941 1219 996 Caesaris
1242 945 1305 997 loco

313 1027 386 1082 Bell.
401 1028 452 1082 civ.
471 1029 498 1094 1,
516 1025 560 1080 64.
578 1027 640 1080 ride
657 1027 686 1079 in
703 1044 769 1090 sav.
806 1025 837 1080 Si
855 1026 914 1096 quis
930 1025 1003 1094 apud
1020 1023 1131 1078 Livium
1150 1025 1195 1091 311,
1204 1016 1260 1094 ''18‚
1279 1029 1306 1083 8.

314 1113 422 1167 ecodd.
444 1112 573 1166 restituat
595 1131 642 1176 ue,
661 1095 743 1184 asmo
762 1129 826 1164 eum
845 1111 1039 1180 reprehendet.
1074 1107 1118 1178 33,
1140 1109 1184 1176 34,
1199 1110 1226 1166 4.
1246 1131 1307 1168 ser-

315 1287 372 1350 dus,
389 1303 422 1338 ue
435 1301 559 1350 umquam
578 1284 712 1336 lacesseret
731 1284 819 1336 armis.
853 1281 1040 1334 Emendat-unt
1058 1280 1105 1333 vel
1119 1299 1165 1333 uec
1181 1285 1227 1336 rel
1244 1303 1305 1340 ueu.

227 1383 228 1388 ’
292 1369 426 1424 ''Sallust
448 1365 509 1438 Ing.
531 1366 575 1442 49,
589 1367 615 1420 2.
643 1369 731 1420 omnia
749 1367 801 1419 suis
822 1357 944 1436 prouisa,
963 1367 1045 1418 locum
1067 1367 1240 1436 superiorem,
1266 1372 1308 1424 uti

160 1461 166 1469 “
228 1499 229 1503 ,
311 1456 452 1525 prudentes
466 1469 525 1504 cum
541 1453 674 1522 imperitis,
689 1470 721 1506 ue
727 1454 869 1530 pauciores
885 1469 943 1503 eum
956 1449 1074 1520 plurilus
1090 1459 1136 1504 aut
1150 1455 1227 1506 rudes
1247 1473 1307 1528 cuae

313 1539 377 1592 dello
390 1539 538 1590 melioribus
554 1555 661 1590 manum
677 1544 844 1616 occurerent.
879 1538 977 1593 Horat.
991 1537 1051 1590 Art.
1076 1542 1148 1604 poet.
1167 1538 1229 1592 152.
1243 1542 1306 1612 pri-

72 1609 76 1622 ’
148 1613 150 1618 ’
183 1619 189 1630 ’
239 1645 243 1651 ·
312 1641 354 1676 rao
368 1640 401 1675 ue
418 1623 550 1686 medium,
568 1623 653 1705 medio
670 1640 704 1674 ae
720 1623 846 1692 discrepet
862 1623 950 1675 imum.
995 1669 1001 1681 ,

359 1725 417 1778 Gir..
433 1724 462 1780 in
476 1724 553 1788 liert.
568 1724 595 1790 1,
617 1723 643 1789 9,
667 1721 711 1776 24.
730 1742 798 1776 uuae
817 1742 851 1778 ue
871 1743 936 1778 aeos
958 1725 1132 1792 querimoniae
1152 1744 1248 1796 genere
1266 1731 1307 1784 uti
1327 1755 1334 1770 r

203 1818 205 1827 ¹
262 1869 264 1874 ¹
307 1809 392 1880 pessit
407 1811 563 1878 Honestius
578 1819 603 1864 et
617 1829 648 1864 eu
663 1811 764 1876 dicere,
783 1811 895 1881 opprimi
919 1827 1010 1876 reum,
1034 1811 1066 1862 de
1088 1829 1137 1880 prro
1150 1814 1219 1866 uitii
1234 1817 1307 1873 dicat

311 1903 451 1950 aecusator
463 1915 514 1948 -.·
535 1903 561 1948 et
576 1913 609 1949 ae
623 1896 719 1960 aliter,
738 1914 818 1970 puasn
832 1913 881 1966 ego
896 1895 990 1960 uelim,
1008 1912 1093 1948 meum
1116 1897 1206 1952 madet
1229 1901 1307 1971 inge-

211 2023 215 2030 .
311 1981 385 2033 aium
400 1998 569 2042 ·-,=moreru
583 1982 625 2033 illi
638 1997 739 2050 geraus.
775 1977 912 2044 celasset,
925 1979 970 2032 21.
995 1981 1078 2034 vitare
1100 1989 1188 2033 autem
1209 1995 1309 2054 spueret

312 2072 424 2130 rutam,
444 2072 473 2125 et
484 2083 517 2117 ue
533 2065 643 2134 supinus
655 2065 778 2118 dormiat.
813 2065 870 2118 cto.
887 2066 922 2121 ud
938 2066 1017 2118 Fam.
1037 2063 1083 2130 14,
1103 2063 1147 2130 18,
1161 2065 1187 2120 4.
1200 2059 1250 2122 'uos
1266 2073 1308 2124 os-

313 2151 381 2217 dete‚
398 2151 461 2220 qaid
477 2151 547 2203 aliae
559 2151 666 2217 jaciant
682 2151 733 2203 isto
748 2151 803 2202 locs
812 2153 940 2216 feminae,
956 2158 980 2203 et
995 2167 1026 2203 ue
1040 2169 1120 2219 quum
1135 2153 1217 2208 uelitis
1225 2158 1308 2224 orire,

312 2253 367 2288 usu
385 2238 472 2290 liceat.
514 2235 607 2288 Valet.
629 2235 722 2288 Flauo.
748 2234 775 2300 8,
798 2219 859 2288 435.
884 2236 945 2304 quia
965 2243 994 2288 tu
1018 2253 1078 2289 mea
1097 2240 1195 2308 respice
1214 2243 1335 2298 sultem‘
1387 2276 1389 2288 ι

313 2323 439 2378 consilius
457 2326 483 2374 et
496 2323 576 2374 nimio
591 2323 711 2374 comitum
725 2337 758 2372 ae
772 2321 831 2372 cede
845 2321 941 2373 timori.

361 2423 421 2478 cic.
438 2423 515 2498 Orat.
529 2423 573 2490 66,
595 2422 656 2495 221,
678 2430 783 2476 coastat
800 2423 872 2504 euim
888 2423 933 2476 ille
956 2425 1068 2477 ambitus
1087 2430 1113 2478 et
1133 2425 1215 2494 plena
1235 2447 1308 2503 epm-

271 2563 273 2570 ,
309 2510 446 2578 prelreasio
461 2527 475 2562 e
489 2517 601 2579 quatuor
608 2512 669 2576 fele
682 2509 801 2576 pastibus
821 2535 873 2571 -,
891 2516 921 2560 ut
941 2515 968 2562 et
991 2527 1067 2562 eures
1087 2510 1210 2581 impleat,
1228 2521 1254 2567 et
1276 2534 1310 2570 uc

272 2638 276 2643 .
312 2593 412 2656 drevior
427 2593 475 2658 sit,
493 2593 717 2662 quaerendem,
734 2609 816 2659 usque
837 2592 950 2662 longior.
985 2593 1197 2664 Restitueud-am
1220 2605 1263 2653 est
1285 2609 1310 2656 et

309 2671 372 2739 ueue
394 2677 495 2731 breuior
509 2679 545 2734 sit
562 2697 595 2716 ··-
612 2693 672 2744 reue
694 2677 821 2746 longior.¹
852 2675 969 2745 Quintil.
989 2679 1018 2744 3,
1038 2679 1064 2745 8,
1089 2679 1132 2734 lt).
1159 2681 1223 2741 leuce
1241 2686 1310 2738 ado-

312 2762 432 2816 lesceutcs
454 2762 506 2822 sili
525 2761 624 2830 scripta
646 2761 747 2828 seiaut,
768 2781 801 2816 ue
819 2745 916 2828 dldcr,
933 2781 1014 2834 paam
1030 2765 1128 2818 dicturi
1141 2774 1218 2836 suot,
1237 2787 1311 2824 crer-

273 2886 276 2894 .
311 2847 365 2901 ceri
378 2846 473 2911 oeliat,
492 2853 516 2898 et
529 2846 557 2897 iu
569 2846 745 2898 desuescendis
760 2855 902 2901 ammius.

309 2951 360 3016 ,3.
392 2947 432 3012 In
454 2945 511 3012 his
533 2969 612 3014 vero
637 2945 843 3034 frequentior
865 2963 914 3016 est
937 2971 1016 3016 usus
1032 2951 1213 3040 particulae
1235 2971 1308 3043 pue.

243 3031 331 3112 Nom
348 3036 528 3100 sententiae
546 3049 607 3122 p'er
622 3057 665 3100 ae
682 3053 859 3123 expressae
874 3039 1006 3124 adiungi
1025 3048 1137 3125 potest
1159 3039 1221 3105 clia
1245 3063 1310 3129 per

167 3191 170 3211 .
244 3141 323 3208 par,
346 3120 558 3200 uomodo,
580 3120 695 3184 utalia
720 3145 772 3194 res
796 3125 853 3188 uni
874 3124 998 3190 rationi
1017 3124 1226 3206 subiiciatar,
1250 3128 1310 3194 sed

245 3205 343 3278 etiam
358 3207 392 3270 in
413 3207 553 3272 transitu
568 3205 608 3270 ab
630 3210 807 3294 negatione
832 3207 873 3273 ed
895 3209 1157 3276 affirmationem
1179 3211 1311 3279 facien-

137 3343 141 3350 ,
244 3291 301 3356 do.
348 3290 723 3442 Queenimsippificot,
746 3293 1022 3387 quodpraeterep
1040 3297 1174 3364 secedit.
1226 3299 1311 3368 Vide

244 3375 398 3460 Heldium
418 3379 459 3444 ad
475 3379 564 3444 Caesss
609 3377 663 3442 ell.
680 3379 739 3445 civ.
759 3385 865 3460 1,19.

348 3491 462 3554 Sallust.
483 3490 545 3543 Cat
567 3487 612 3554 48,
629 3485 656 3540 4.
673 3508 706 3544 ue
726 3509 785 3544 eure
814 3463 939 3546 Lentulus
961 3499 986 3546 et
1013 3487 1256 3564 crodegeruettqee
1277 3515 1311 3552 es
1419 3461 1420 3488 4

270 3622 275 3635 ,
313 3576 493 3628 coniuratione
508 3575 661 3645 deprehensi
674 3583 813 3642 aneae,
830 3594 910 3646 eoque
925 3577 1014 3646 magis
1030 3587 1186 3647 properaret
1204 3581 1240 3634 ad
1263 3600 1312 3636 ur·

313 3660 371 3733 deur
387 3661 514 3714 accedere.
547 3658 596 3710 ubi
612 3659 732 3734 Cprtius.
768 3661 847 3716 (lass.
860 3659 935 3714 Bell.
956 3659 1010 3712 civ.
1026 3660 1053 3727 3,
1068 3661 1113 3717 ld.
1139 3664 1312 3736 hodutsuque
1377 3658 1380 3664 Δ

311 3751 360 3810 ost,
375 3763 408 3811 ree
423 3762 463 3811 ea,
473 3760 548 3813 ‘puae
562 3745 723 3811 accidissent,
741 3747 862 3822 grauiter
871 3751 992 3821 sonent,
1008 3739 1072 3802 acue
1086 3747 1126 3802 leis
1140 3751 1215 3804 rebsss
1228 3759 1312 3806 terrc-

315 3834 421 3894 reutur,
447 3829 586 3898 multisque
610 3833 728 3884 secundis
742 3835 848 3901 procliis
868 3847 950 3882 uuum
971 3833 1128 3900 aduersum,
1156 3843 1182 3888 et
1204 3837 1312 3892 idme·

270 3989 273 3992 .
313 3912 408 3978 dieue,
424 3923 587 3984 oppouewm.
604 3914 682 3982 1,1s.
698 3919 819 3972 tutator
833 3933 884 3984 eos,
894 3921 934 3970 'uc
946 3919 1035 3972 auimo
1048 3921 1181 3989 dejicient,
1195 3939 1312 3992 quaeque
1419 3935 1420 4006 J

313 3996 376 4050 usui
390 3998 426 4052 ud
439 3999 630 4066 defendendum
646 4003 770 4072 oppidum
785 4001 853 4068 siut,
871 4011 975 4086 parens.
1012 4005 1248 4072 Tacit.llnn.13,
1265 4004 1311 4060 14.

267 4153 271 4160 .
327 4099 363 4164 4.
384 4099 451 4167 Vbi
468 4089 566 4168 alicui
582 4105 782 4186 sententiae,
804 4125 888 4191 quae
904 4105 1028 4194 aliquid
1045 4109 1223 4194 prohibet,
1246 4110 1310 4176 alia
1419 4159 1420 4172 ,

246 4184 454 4272 anneotitur,
482 4209 567 4278 quae
589 4203 744 4258 eventum
769 4201 891 4281 negat,
919 4193 1001 4260 haec
1029 4215 1091 4282 per
1113 4219 1157 4264 ae
1186 4195 1312 4262 iterum

250 4335 254 4376 1
