2854 4750
280 366 284 375 »
392 311 526 414 ““ΝΕο
546 381 592 406 -.
614 322 801 428 eruuu.
1055 355 1150 432 ¹145

172 525 203 586 2.
232 517 375 584 firmius
394 517 428 584 id
445 517 612 582 affirmare
634 517 728 596 licet,
752 517 931 604 scriptores
953 522 1148 592 recentioris
1236 581 1239 588 .

97 605 160 671 nevi
177 628 240 671 mee
257 641 301 653 -
323 605 460 692 quidem
481 603 622 683 dixisse,
646 603 703 668 ubi
725 627 787 668 uec
811 603 861 669 vel
878 605 940 668 alia
965 609 1095 694 negatio
1111 613 1147 678 iu

97 692 197 780 priori
215 693 399 756 sententiae
411 699 513 779 ‘parte
527 689 768 778 praecessisset.

201 811 301 864 Senec.
315 813 350 864 de
367 813 412 864 Ira
427 811 472 872 12,
488 811 514 862 1.
531 828 584 862 nan
600 816 636 862 est
651 810 738 876 itaque
752 808 841 872 utilis,
859 803 949 862 necin
967 813 1074 880 proeliis
1082 819 1144 886 pot.

159 887 234 960 dem,
254 903 303 949 usit
318 898 344 948 in
359 897 434 953 bellis
445 897 495 948 iro.
532 897 610 946 Cous.
626 893 661 947 sd
678 893 775 962 Polyb.
792 891 836 958 25,
850 891 876 946 4.
894 911 940 946 nee
962 893 1009 948 boc
1031 905 1148 959 tuntum.

160 983 237 1032 modu
252 982 394 1045 nonlicet,
412 998 459 1039 aee
472 997 590 1034 somnum
607 981 709 1048 quidem
722 981 855 1032 estendere
868 981 897 1030 in
916 989 1017 1046 perlem
1040 986 1092 1038 dici
1112 990 1149 1040 li.

161 1073 206 1116 cet.
242 1064 348 1132 Quibus
376 1065 510 1132 excnrplis
532 1065 642 1118 delendi
667 1069 757 1132 posset
778 1063 851 1131 apud
875 1061 984 1116 Livium
1007 1061 1183 1136 27,18,4.⁸
1247 1101 1248 1106 ,

158 1167 203 1200 uec
221 1151 352 1214 tumulos,
370 1168 417 1202 uec
435 1167 540 1214 urcem3
561 1167 610 1226 nec
628 1167 700 1202 mure
723 1149 826 1216 quidem
844 1149 925 1222 armis
939 1149 1065 1208 obstitisse
1078 1155 1149 1222 scier

158 1232 211 1284 uisi
234 1233 293 1283 cod.
318 1234 380 1287 Put.
407 1235 578 1287 haberetne.
613 1235 649 1287 Et
670 1233 805 1288 atteri-em
827 1233 918 1284 Veler.
936 1227 1003 1288 Max
1031 1239 1049 1290 3
1077 1240 1095 1292 2
1122 1243 1136 1296 1
1217 1267 1224 1272 -

161 1402 238 1498 tiqup
254 1402 348 1490 codice
367 1401 524 1457 invenisset.
560 1401 657 1479 Tacit.
674 1404 744 1456 Anu.
766 1401 810 1468 14,
832 1401 876 1455 35.
897 1421 925 1456 eo
946 1415 1078 1474 provectus
1091 1410 1149 1463 Rc-

157 1505 296 1539 menorum
320 1490 470 1558 cupidines,
496 1497 599 1541 utnon
615 1490 741 1558 corpore,
767 1507 812 1541 nee
829 1497 957 1542 senectam
980 1491 1084 1558 quidem
1102 1501 1151 1549 aut
1236 1506 1246 1529 t

160 1573 341 1642 uirginitatem
356 1573 519 1641 impollutum
541 1573 701 1642 relinquent.
736 1573 791 1627 Sed
813 1573 872 1626 eod.
896 1574 984 1642 gueli.
1002 1594 1054 1642 nou
1074 1595 1149 1634 scne-

160 1665 247 1720 ctam,
265 1663 293 1709 et
309 1656 336 1722 2,
350 1653 393 1712 86.
413 1657 599 1722 comunimus,
619 1673 759 1726 usurpes,
778 1675 811 1712 ne
824 1659 876 1712 tela
893 1659 1006 1727 quidem.

176 1787 209 1848 δ.
243 1783 306 1846 Sed
336 1803 441 1880 quum
461 1793 549 1880 recte
571 1782 735 1847 diceretur
760 1805 829 1846 non
849 1783 1039 1882 -quidem
1063 1786 1150 1869 (Cic.

95 1866 189 1932 Brut·
205 1873 257 1948 17,
276 1868 345 1954 67.)
363 1878 408 1932 sta
425 1879 461 1931 ut
474 1891 509 1931 rn
521 1869 678 1952 negativa
694 1869 853 1932 sententia
871 1870 1004 1956 aliquod
1024 1893 1151 1938 nomeu

94 1953 207 2018 addito
224 1955 386 2018 vocabulo
404 1953 541 2042 quidem
558 1951 605 2018 vel
624 1957 876 2042 restringeretur
893 1955 943 2019 vel
958 1956 1150 2034 efferretur,

95 2039 178 2104 nihil
195 2039 413 2126 impediebat,
433 2061 500 2126 quo
524 2044 635 2104 minus
661 2041 761 2104 etiam
786 2040 952 2104 diceretur
972 2043 1006 2106 iu
1031 2045 1152 2108 ediuu-
1253 2037 1282 2094 ἶ

93 2127 200 2211 genda
230 2127 391 2197 sententia
417 2147 522 2213 neqrse
543 2127 610 2190 sive
634 2149 696 2190 nec
720 2161 760 2174 -
789 2123 943 2212 quidem,
971 2128 1005 2190 iu
1032 2129 1151 2214 quibus
1255 2164 1267 2183 s

28 2239 32 2252 ·
93 2211 232 2300 quidem
251 2235 317 2275 uon
339 2195 377 2276 etl
394 2234 455 2276 nec
474 2222 660 2298 spectaret,
685 2211 779 2298 eique
799 2211 997 2298 plerumque
1012 2214 1073 2278 sed
1088 2237 1153 2301 op-

94 2307 293 2383 poneretur.
339 2299 450 2378 Quare
465 2319 580 2362 verum
598 2300 724 2386 perstat
741 2297 843 2376 illud,
867 2299 956 2383 quod
980 2299 1047 2362 iam
1071 2300 1153 2366 Mu-

93 2393 187 2446 retus
210 2383 344 2462 docuit,
366 2407 428 2447 mec
445 2420 489 2432 -
513 2383 651 2471 quidem
674 2407 690 2446 a
718 2383 814 2448 bonis
839 2384 1056 2470 scriptoribus
1070 2408 1168 2455 ‘nou

94 2469 158 2532 dici
183 2491 246 2555 pro
264 2493 307 2534 ne
325 2461 463 2556 quidem
486 2471 555 2534 sive
575 2482 609 2536 et
633 2493 676 2534 ne
697 2464 852 2556 quidem,
873 2469 935 2532 sect
958 2493 1002 2534 ue
1016 2483 1059 2522 .·.
1074 2471 1151 2559 qui-

93 2555 194 2619 dem.-
216 2557 249 2619 in
267 2557 306 2618 iis
323 2565 432 2619 autem
450 2555 551 2632 locis,
577 2577 660 2643 quae
677 2577 739 2620 nee
763 2551 906 2638 habent,
930 2553 995 2620 hoc
1019 2557 1053 2622 in
1077 2558 1152 2624 viu·
1178 2617 1180 2624 .

93 2641 214 2707 cienda
231 2642 395 2705 sententia
407 2663 468 2728 pro
486 2653 518 2706 et
536 2665 605 2706 non
622 2643 714 2730 poni.
928 2655 930 2658 ’

200 2743 260 2796 (lie.
278 2743 312 2795 ud
328 2743 407 2796 Fam.
423 2741 449 2807 6,
464 2743 490 2809 6,
504 2745 529 2796 2.
549 2746 589 2797 bis
611 2753 698 2798 uatem
714 2726 809 2796 litteris
826 2729 942 2794 unimam
965 2748 1038 2794 taum
1053 2747 1154 2799 -etsi

163 2825 219 2880 mon
233 2829 424 2897 sapientissimi,
444 2837 475 2880 at
488 2829 639 2880 amicissimi
651 2828 763 2880 hominis
779 2829 933 2880 auctoritate
949 2831 1154 2895 confirmandum

160 2913 245 2964 etium
260 2921 340 2980 utque
359 2915 436 2965 etiam
454 2921 539 2982 putor
556 2930 604 2966 nec
618 2913 650 2964 iis
665 2914 767 2980 quidem
783 2913 880 2976 verbis,
897 2913 987 2983 quibus
999 2919 1024 2964 te
1040 2917 1154 2968 consoler

161 3005 196 3050 ut
212 2999 347 3065 afflictum
362 3005 386 3048 et
409 2998 463 3048 ium
480 2998 550 3049 omni
570 3015 614 3066 spe
638 2987 730 3050 salutis
752 2999 886 3062 orbatum,
906 2999 952 3049 sed
972 3005 1002 3050 ut
1025 3017 1100 3065 eum,
1122 3001 1155 3054 ee

163 3083 241 3134 cuius
256 3082 436 3134 incolumitate
453 3101 505 3134 non
520 3083 579 3152 plns
594 3083 756 3146 dubitemus,
773 3099 852 3150 quum
868 3087 894 3132 te
909 3082 1017 3136 memini
1034 3085 1155 3138 dubitare

130 3194 131 3197 ¹
162 3168 198 3218 de
228 3184 297 3218 meu.
347 3165 384 3216 Et
407 3165 499 3233 paullo
532 3173 608 3234 pcstr
641 3184 687 3218 nec
715 3165 886 3232 coronidem
911 3174 1003 3234 nostru
1026 3169 1160 3223 divinalia-

134 3255 148 3293 ·'
157 3253 254 3319 sullet.
282 3250 389 3303 Verria.
404 3249 532 3316 221148.
551 3253 582 3304 de
593 3253 640 3304 isto
657 3237 770 3317 ici-quod
782 3266 870 3313 omnes
884 3249 1005 3302 uidebant
1017 3269 1098 3319 neque
1110 3254 1157 3306 ille

162 3337 272 3404 quidem
288 3337 391 3388 obscure
405 3337 523 3404 loquutus
539 3343 586 3387 est.
619 3336 729 3402 Quidem
746 3333 869 3387 additum
881 3337 926 3386 ‚est
935 3333 1090 3402 pronomini
1110 3337 1157 3390 tlte

164 3437 202 3472 cx
218 3419 331 3488 vulgari
350 3437 417 3486 usu,
439 3437 492 3472 uec
513 3425 590 3472 recte
611 3419 754 3487 Zumptius
777 3418 846 3472 dicit
867 3435 926 3470 csse
951 3435 982 3479 uc
1002 3435 1034 3470 ne
1053 3419 1157 3474 obscure

162 3507 293 3574 quidems
315 3504 349 3556 ad
366 3505 444 3557 Fam.
462 3503 506 3568 12,
523 3505 550 3570 1,
563 3502 589 3557 4.
608 3523 653 3557 nec
668 3506 721 3556 eius
736 3505 840 3572 quidem
856 3503 895 3554 rei
902 3503 987 3568 fidem
1002 3504 1086 3564 uideo.
1121 3505 1157 3558 ad

161 3589 222 3644 Act.
239 3587 266 3655 9,
283 3588 328 3641 12.
355 3581 436 3643 extr.
450 3589 529 3658 (lu).
571 3587 632 3641 biv.
648 3587 691 3654 22,
706 3585 750 3652 tu,
764 3587 807 3640 12.
823 3587 846 3640 si
866 3588 915 3640 boe
934 3587 964 3640 P.
989 3587 1158 3660 Sempronius

164 3675 281 3740 diceret,
307 3692 353 3726 nec
377 3675 446 3728 ciros
470 3673 589 3742 quidem,
606 3691 656 3726 nec
677 3675 810 3726 Romanos
830 3689 873 3724 uos
886 3673 1013 3737 *ducerem
1041 3675 1064 3724 si
1084 3691 1157 3727 nemu

165 3767 262 3813 tantae
279 3759 386 3812 uirtutis
402 3759 534 3810 exstitisset
550 3776 641 3810 eomes.
676 3755 725 3810 ubi
741 3754 895 3810 Gronovius
909 3755 937 3808 in
953 3757 1017 3809 euru
1037 3759 1158 3824 mudum,

164 3861 253 3913 quem
270 3861 298 3912 p.
313 3841 356 3896 66.
375 3845 403 3894 ct
417 3859 443 3908 p.
463 3839 507 3894 68.
525 3841 739 3907 illustravimus,
758 3839 884 3894 coniecit
898 3840 1078 3906 scribendum*
1097 3858 1158 3902 ease

163 3947 200 3981 ne
236 3927 308 3998 quod
323 3945 377 3980 non
392 3933 453 3981 crat
466 3928 653 3982 necessarium
668 3927 697 3980 in
712 3925 877 3980 disiunctiva
887 3927 1103 3981 sententiarum
1118 3927 1158 3980 ibi

164 3936 278 4082 udisque
295 4002 379 4066 codes
393 4031 463 4066 uuus
475 4013 562 4066 hebet
577 4031 617 4065 ne.
652 4005 769 4080 Quintil.
787 4010 814 4076 9,
829 4011 859 4078 3,
875 4009 919 4064 55.
938 4018 992 4065 non
1016 4013 1083 4065 enim
1105 4014 1160 4074 dici

164 4085 289 4175 vitutem,
307 4099 353 4150 sed
367 4088 422 4150 iicn
436 4097 530 4167 scripsi
538 4089 548 4150 ζ·
567 4116 611 4150 nec
626 4100 718 4168 scripsi
731 4099 852 4167 quidem,
874 4099 919 4149 sed
934 4115 987 4148 non
1008 4098 1062 4148 obii
1082 4098 1161 4166 legu-

163 4183 283 4236 tionem:
302 4200 350 4235 nec
366 4183 417 4236 obii
434 4183 546 4252 quidem,
568 4181 615 4236 scd
631 4198 685 4234 non
702 4181 823 4252 perseam
841 4181 977 4236 Thebanis.
1013 4181 1111 4234 Seuec.
1126 4179 1165 4242 de

137 4261 200 4330 lv.
625 4328 627 4334 s
856 4269 897 4328 10

550 4371 557 4402 ἱ
581 4371 583 4375 i
644 4416 651 4430 t
