2854 4750
507 334 618 419 auu
648 333 814 421 unove
1061 388 1066 403 ,
1149 346 1194 410 ca

130 503 246 570 omnia
267 525 285 570 a
308 505 549 592 scriptoribus,
571 508 628 594 qui
651 508 812 572 maiorem
833 529 947 574 curam
970 511 1111 576 orationi
1130 512 1193 578 ad-

43 645 47 658 ,
128 591 314 672 bibebant,
336 593 521 679 prudenter
544 605 638 657 eraut
663 603 851 681 perspecta:
875 596 931 680 qui
949 607 1061 661 autem
1082 599 1216 684 negti-1

128 679 261 765 gentius
277 677 523 764 loquebantur,
545 679 714 764 vulgarem
733 701 829 744 usum
847 681 973 744 diversa
995 684 1192 750 miscentem

127 765 263 850 sequuti
280 777 369 828 sunt.
412 763 589 842 Recentior
611 776 697 830 aetas
722 766 864 853 denique
888 789 990 832 omne
1014 769 1215 860 discrimen!

127 851 253 914 borum
273 849 450 914 verborum
468 851 609 914 sustulit.
654 853 810 916 Ceterum
827 862 939 940 poetas
955 854 1053 918 etiam
1077 855 1112 920 in
1139 857 1191 934 hie

128 935 301 1024 particulis
324 957 482 999 numeros
507 947 539 1002 et
561 959 721 1000 sonorum
745 951 943 1002 concentum
966 941 1111 1004 maxime
1130 965 1191 1018 cu-

125 1043 216 1087 rasse
232 1043 334 1088 nemo
350 1021 490 1108 negabit.
537 1023 649 1103 Quare
671 1025 758 1087 haud
783 1024 869 1088 male
896 1025 1027 1088 Cortius
1054 1026 1095 1090 ad
1120 1029 1190 1092 Lu-

125 1129 198 1172 can.
228 1115 258 1186 1,
284 1111 360 1172 228.
393 1108 593 1185 observavit,
623 1109 659 1172 in
688 1109 817 1174 duobus
841 1110 979 1196 pedibus
1004 1114 1190 1178 hexametri

122 1195 264 1282 primis,
287 1194 314 1257 ei
330 1193 442 1272 liceat,
466 1215 570 1258 uuum
595 1194 696 1258 modo
715 1195 884 1282 dactylum
904 1197 996 1282 poni.
1038 1199 1189 1284 Wagne-

121 1303 184 1345 rus
201 1290 311 1342 autem
331 1279 538 1344 demonstrat
551 1283 594 1344 'iu
613 1283 699 1344 thesi
715 1283 844 1368 primae
862 1282 948 1345 sedis
962 1294 1091 1346 tautum
1119 1307 1187 1348 uon

121 1366 251 1452 ubique
274 1365 414 1430 inveniri
436 1389 560 1451 neque,
592 1366 625 1430 iu
649 1370 745 1438 tertia
772 1366 850 1431 sede
871 1391 951 1447 nec,
975 1369 1041 1432 uisi
1065 1369 1186 1443 vocalis

120 1463 303 1538 sequatur,
325 1453 359 1515 in
376 1462 490 1537 quarta
505 1451 581 1514 aede
598 1453 726 1540 saepius
742 1476 804 1517 uec
820 1475 919 1540 quam
944 1475 1069 1540 neque:
1081 1475 1189 1540 *prae-

121 1551 216 1604 terea
230 1558 346 1623 aeque
374 1548 450 1623 poet
470 1560 505 1600 se
529 1536 650 1604 habere
680 1561 803 1602 nomeu
831 1563 848 1602 a
875 1539 983 1622 vocali·
1015 1541 1187 1627 incipieus,
1223 1599 1229 1607 .

119 1624 183 1690 aed
198 1647 262 1688 uec
280 1635 356 1688 aute
379 1623 526 1688 vocalem
546 1626 626 1710 poni
652 1624 696 1688 ob
712 1627 1117 1712 gravitatem-sententiae.

229 1761 388 1845 uertigine
408 1777 443 1830 aa
461 1779 536 1832 caes.
553 1779 626 1832 neu.
646 1778 700 1832 aa.
717 1779 743 1843 1,
761 1779 804 1833 11.
826 1779 852 1846 1,
870 1779 913 1838 ao.
931 1779 957 1844 a,
972 1777 1015 1830 41.
1032 1779 1103 1831 aaa
1118 1780 1188 1834 maa

193 1864 291 1918 verbio
319 1879 429 1930 prorsus
461 1864 600 1918 contraria
620 1864 770 1933 praecipita
801 1883 882 1935 acque
906 1881 967 1918 esse
992 1863 1187 1920 disiunctivum

194 1959 224 2002 et
238 1947 405 2016 respondere
422 1965 526 2016 graeco
539 1946 606 2004 aaut
620 1962 648 2003 et
669 1949 770 2002 referri
784 1951 818 2002 ed
835 1951 937 2018 aliquid
955 1949 1125 2018 oppositum:
1142 1969 1188 2003 uec

192 2051 254 2086 esec
278 2031 495 2098 contractuum,
526 2053 579 2110 quo
603 2034 708 2102 aliquid
733 2035 849 2087 addatur
871 2046 953 2104 etque
982 2035 1205 2104 aequiparatum*
1241 2037 1243 2042 ’

193 2121 273 2188 Quae
287 2116 378 2192 omnia
394 2115 466 2171 iuter
481 2135 510 2170 re
528 2118 671 2173 conciliari
686 2119 732 2170 vix
758 2127 878 2186 possunt.
914 2121 991 2174 Vnde
1006 2120 1119 2178 enimin
1139 2139 1187 2174 uec

191 2199 369 2278 couiunctiva
382 2201 444 2267 vir,
463 2220 534 2270 quae
552 2203 580 2254 in
598 2221 680 2271 acque
696 2203 731 2255 ab
747 2203 855 2274 origiue
881 2206 1009 2260 courtat'l
1029 2222 1082 2274 quo
1105 2206 1186 2258 modo

192 2294 370 2356 comparetur
384 2305 430 2339 acc
446 2307 508 2340 cum
523 2283 609 2353 natat,
629 2305 712 2356 quum
730 2289 796 2350 setis
815 2287 1030 2343 demonstratum
1046 2289 1083 2342 eit
1097 2307 1135 2344 τε
1157 2295 1186 2343 et

190 2391 240 2442 qua
258 2380 376 2441 cognata
400 2373 482 2425 eracl
516 2373 605 2424 Miror
635 2371 720 2424 etium
746 2373 898 2426 Obburium
921 2373 948 2426 in
971 2373 1065 2428 Iabuii
1088 2375 1186 2427 dunel.

190 2459 331 2526 supplem.
352 2457 386 2509 Τ.
403 2458 427 2509 1.
444 2477 470 2526 p.
485 2455 545 2510 toa.
563 2457 699 2522 dubitare,
720 2455 835 2513 enoddl
853 2469 880 2512 et
896 2477 976 2528 aequa
994 2459 1185 2514 fortior-aver·

187 2547 243 2609 ba,
263 2536 329 2596 οὔτε
347 2549 375 2596 et
391 2561 438 2596 ecc
454 2543 560 2598 leuiora
582 2542 645 2595 aiut.
1054 2553 1056 2559 ’
1107 2561 1110 2566 ·
1158 2540 1162 2548 ’

220 2647 263 2700 Ne
286 2645 349 2716 quid
365 2650 587 2713 praetereamus,
605 2645 791 2698 Groteleudus
807 2645 835 2698 in
861 2646 984 2700 Gramm.
1008 2644 1068 2700 146.
1086 2663 1133 2700 uec
1151 2665 1184 2700 ox
1282 2697 1286 2706 ,

189 2740 332 2784 contractu
347 2732 484 2784 vocabulo
501 2749 581 2799 acque
599 2745 631 2782 co
648 2732 732 2783 modo
746 2738 837 2784 ortum
856 2750 916 2784 cesa
929 2730 1113 2796 existimavit,
1131 2743 1185 2800 quo

189 2837 277 2882 auec,
295 2826 355 2870 tunc
373 2832 423 2882 pro
439 2833 568 2884 eumque,
587 2823 690 2884 tuteque
707 2817 856 2870 diceretur.
890 2815 1069 2871 Heinrichiu·
1083 2817 1112 2868 iu
1126 2817 1184 2869 cte.

187 2904 266 2956 Orat.
289 2910 359 2970 part.
377 2901 470 2955 incdit.
497 2919 524 2970 p.
541 2903 601 2954 111.
627 2900 694 2966 „eie
721 2901 861 2968 (quoniam
883 2921 931 2972 quc
955 2902 1183 2968 pronuntiabatur

188 2993 222 3038 ut
247 3005 284 3039 cc.
310 2985 329 3038 i.
347 3003 371 3038 c.
395 2988 440 3054 lec)
462 2986 604 3056 sequitur,
623 3003 770 3054 perparum
792 2977 918 3037 differre⁴
933 2985 1006 3038 iuter
1028 3005 1128 3055 neque,
1156 2986 1180 3040 si
1241 2989 1242 2997 ’

185 3077 265 3122 recte
281 3071 488 3138 pronuntiatur,
506 3079 533 3123 et
544 3089 606 3124 acce
627 3071 711 3122 immo
727 3077 802 3123 certe
817 3066 904 3134 nibil,
923 3069 946 3122 ai
970 3076 1033 3124 anta
1056 3073 1182 3124 vocalem

181 3153 302 3206 eliditur
315 3173 345 3220 c,
365 3163 396 3208 ut
418 3163 549 3209 vanescet
573 3173 658 3222 prope
683 3157 801 3224 regula,
822 3173 876 3225 qua
899 3173 945 3208 acc
969 3161 1032 3208 ante
1050 3157 1182 3209 vocalem

185 3256 337 3306 numquam
353 3241 473 3310 positum
495 3243 606 3308 volunt,
628 3247 656 3294 at
675 3239 810 3308 quaedam
835 3241 921 3292 ctiam
938 3257 1034 3292 rursus
1056 3241 1111 3293 aiut
1132 3242 1181 3294 ab·
1287 3248 1290 3257 “

169 3325 329 3394 αοςιιιιᾶαο
347 3325 442 3394 legum
462 3325 591 3390 illarum,
611 3341 678 3394 quar
700 3343 788 3392 nuper
811 3324 922 3392 scripsit
943 3325 1035 3376 Carol.
1057 3324 1181 3376 Galeam·

185 3411 237 3462 der
253 3399 289 3462 ad
313 3409 492 3476 Propertium
513 3429 539 3478 p.
553 3409 614 3462 365.
650 3409 721 3462 Mihi
735 3409 844 3462 omniuo
859 3427 913 3460 nou
930 3408 1116 3476 quaerendum
1134 3407 1182 3460 vi-

185 3479 279 3557 detur-i
295 3499 359 3546 ente
374 3497 502 3546 vocalem
518 3495 582 3564 quid
600 3493 665 3564 poni
680 3495 819 3562 oporteat:
836 3494 869 3544 de
884 3498 976 3546 cetero
992 3498 1084 3544 numm
1100 3494 1181 3546 unice

184 3577 338 3631 aurianam
355 3564 501 3634 canuerat
518 3581 552 3634 aa
569 3581 666 3632 utcu.
681 3577 707 3643 a,
722 3579 766 3644 11,
781 3575 824 3632 ta.
859 3578 900 3632 ua
918 3579 1044 3630 tremor
1060 3577 1178 3648 qurum,

186 3679 273 3730 quum
288 3681 338 3730 per
354 3665 463 3718 codices
479 3665 508 3718 iu
531 3665 627 3716 eodem
654 3665 793 3731 scriptore·
810 3663 873 3731 lego
895 3681 976 3730 aeque
995 3665 1067 3716 caim
1087 3673 1116 3716 et
1133 3683 1179 3717 nec

183 3749 270 3813 euim,
291 3755 322 3800 ut
338 3748 367 3802 in
386 3749 518 3820 luvreuale
533 3749 558 3814 1,
574 3747 617 3800 89.
635 3747 800 3813 at11‚ao.“
832 3747 1007 3816 sGoereuziue
1023 3749 1057 3800 ed
1072 3747 1129 3800 cta.
1144 3749 1179 3799 de
1232 3801 1234 3804 ,

180 3831 365 3900 Ἑίιι.,ρ.534.
390 3837 519 3904 regulam
537 3833 635 3902 'ucecia
657 3833 734 3886 cuiue
755 3831 875 3892 unctoria
891 3841 1102 3894 commemorat,
1123 3849 1179 3900 qne

181 3935 228 3969 acc
242 3923 307 3968 aute
322 3919 449 3971 vocalem
467 3919 528 3987 poui
548 3919 650 3970 debere
673 3919 740 3972 olim
763 3919 903 3970 decretum
926 3915 969 3972 eit.
1005 3917 1178 3984 Contrarium

179 4000 345 4054 seutentiam
368 4003 490 4056 defendit
521 4003 694 4058 Eelrateiuiua
721 4005 755 4057 ad
782 4003 875 4056 Taciti
892 4003 964 4056 Dial.
988 4001 1032 4054 at.
1064 4020 1091 4069 p«
1114 4001 1177 4057 aot).

175 4079 325 4139 'uenturus
343 4088 377 4158 ad
394 4088 505 4140 Horatii
525 4103 608 4140 carm.
627 4091 706 4141 ruodo
726 4089 849 4142 dictum:
869 4127 886 4153 „
895 4088 963 4140 illud
986 4087 1176 4140 animadverto

96 4173 100 4180 '
180 4170 325 4226 varietatis
339 4171 388 4226 hic
403 4169 522 4242 gratiam
538 4173 705 4242 quaeeivieee
716 4183 848 4238 nostrum,
866 4179 894 4240 et
909 4172 1014 4256 quatiar
1030 4173 1101 4225 liber
1115 4179 1177 4224 erat
