2870 4760
222 328 289 397 sss
322 297 328 300 ’
681 309 831 395 radas.

242 482 1299 636 'zxffinfflmmmmmpnnmmmmnss-

393 597 416 636 e

309 695 341 774 *l
365 691 578 759 Commutata
604 703 682 758 sunt
696 713 787 780 pene
816 701 848 758 et
900 713 995 779 rope.
1022 690 1088 758 vid.
1114 691 1297 760 Drakenb.

227 775 271 843 ad
295 777 367 844 Lis.
401 783 455 858 21,
478 781 538 858 68,
568 783 601 844 8.
630 778 853 845 Bursauone
907 777 1045 842 Sueton.
1070 777 1148 845 Nar.
1172 783 1225 846 6¹.
1256 790 1297 845 et
1327 755 1377 847 θ

224 877 368 1016 papiana
382 861 496 1015 K¹ritn
527 864 569 931 ad
600 865 716 932 Vellei.
748 871 788 949 2,
813 867 875 948 66,
908 864 940 931 4.
973 875 1006 930 ot
1028 862 1122 932 baca·
1156 865 1223 932 Cic.
1246 864 1294 933 ad

46 998 56 1022 s
179 981 182 986 ’
288 993 304 1016 ι’
369 998 380 1033 ,
424 993 435 1016 .

633 1221 887 1312 PENES.

314 1397 455 1470 Veteres
474 1403 681 1493 grammatici
712 1413 866 1472 naturam
898 1403 1050 1470 vocabuli
1072 1424 1177 1490 penes
1204 1401 1290 1469 bone

229 1501 481 1578 perspexerunt.
502 1490 592 1555 Pauli
603 1489 870 1578 Diao.Excerpta
886 1511 929 1555 cx
944 1488 1029 1554 Festi
1047 1491 1151 1554 libro:
1170 1488 1291 1574 cpsrd

230 1585 263 1640 et
280 1573 418 1662 perses
442 1578 480 1642 irs
502 1576 565 1642 Isoo
594 1573 773 1666 differunt,
802 1575 894 1664 quod
927 1575 1075 1642 alterum
1101 1597 1292 1662 personam
1414 1651 1415 1662 ἶ

229 1682 307 1726 oum
331 1661 405 1728 loco
434 1659 633 1750 significat,
663 1661 812 1728 alterum
826 1684 1016 1750 personam
1044 1672 1076 1726 et
1097 1660 1291 1726 dominium

230 1769 274 1812 oc
301 1759 529 1833 potestatem,
575 1746 672 1847 quod.
691 1749 844 1825 tralsitar
875 1771 899 1812 o
924 1747 1124 1847 penitus.
1154 1745 1289 1814 Festus:

220 1833 408 1918 penetrale
429 1827 641 1922 sacrr'fiesum
656 1832 794 1915 dicitur,
819 1831 909 1921 qaod
923 1833 1086 1898 anteriore
1106 1844 1211 1922 parte
1226 1856 1289 1898 aa·

165 1989 167 1996 ,
230 1919 327 1983 orari
344 1915 543 2006 conficitur.-
563 1919 655 1986 unde
671 1931 705 1984 et
718 1920 924 2008 penetralia
938 1919 1098 2007 anirssqne
1114 1918 1288 1994 dicontur,
1323 2000 1327 2005 ‚

230 2012 265 2070 ot
280 2025 385 2090 perses
400 2028 473 2082 nos,
495 2003 585 2098 quod
608 2006 646 2072 irs
662 2017 835 2094 potestate
857 2017 977 2070 nostra
995 2015 1056 2071 est.
1102 2003 1288 2092 Opiniones

230 2087 358 2155 Ioviani
380 2092 541 2170 romani,
563 2094 620 2180 qui
666 2115 744 2156 esses
764 2113 898 2178 sperae,
924 2091 947 2158 i.
963 2111 992 2156 e.
1014 2088 1128 2164 cauda,
1152 2090 1290 2168 derivat,
1416 2101 1417 2162 l

230 2173 424 2256 Becmanni‚
448 2179 506 2264 qui
530 2200 573 2242 ex
595 2114 738 2244 helisaeo
764 2175 925 2242 vocabulo
948 2185 1061 2240 ortum
1084 2185 1195 2263 putat,
1235 2176 1291 2241 rix

231 2265 515 2351 operaepretium
536 2274 801 2328 estmemorare.
833 2259 1055 2329 Doederlinus
1103 2283 1163 2326 uae
1186 2259 1289 2328 Tom.

231 2351 263 2412 6.
288 2348 419 2437 synon.
441 2372 475 2448 p.
501 2355 578 2416 262.
600 2349 733 2437 scripsit
754 2347 873 2428 verba,
895 2369 998 2436 quum
1015 2285 1195 2412 neclatina
1214 2347 1292 2412 red·

232 2432 286 2514 di,
313 2455 374 2500 nec
391 2433 486 2501 facilc
501 2435 638 2524 intelligi
656 2434 803 2523 possint,
827 2435 898 2522 ipsa
915 2455 1101 2522 apponams
1136 2455 1291 2522 „penca

141 2553 144 2564 =
230 2517 372 2584 ncckter
400 2521 536 2607 Stamm
549 2544 619 2586 vost
638 2520 785 2608 pendere
799 2531 886 2586 statt
901 2517 1053 2607 penest,
1078 2517 1144 2584 wie
1159 2541 1290 2606 prae·

231 2625 302 2686 scs,
326 2615 486 2672 tonost·
515 2605 601 2672 Illud
624 2628 702 2672 vero
725 2604 998 2682 fundamentum,
1035 2603 1127 2690 quod
1152 2605 1184 2669 in
1201 2601 1301 2692 pene'

199 2723 202 2732 ·
232 2693 461 2776 cognovimus,
490 2693 588 2758 etiam
609 2693 848 2780 praepositioni
860 2713 968 2778 penes
983 2689 1209 2756 substructum
1232 2701 1291 2759 est.

231 2775 348 2861 Neque
366 2777 456 2842 enim
480 2791 652 2844 externam
676 2778 897 2858 sicilibensis,
918 2775 977 2842 sad
1000 2776 1166 2842 internam
1197 2777 1292 2862 quasi

231 2860 343 2926 sedem
361 2872 393 2944 et
409 2865 654 2950 possessionem
670 2863 812 2929 indicata
828 2885 906 2928 nam
931 2863 1021 2950 quod
1044 2885 1145 2950 penes
1165 2885 1220 2928 me
1242 2872 1292 2927 cst

231 2955 265 3012 ct
281 2944 316 3012 in
332 2957 593 3034 potestatem,
619 2949 651 3016 id
666 2950 836 3015 internum
852 2947 1103 3037 quodammodo
1123 2958 1221 3034 alque
1236 2950 1291 3012 in·

231 3031 416 3098 timcmest
433 3035 533 3102 mihi.
560 3036 740 3102 Diomedes
765 3042 795 3102 1.
823 3057 856 3123 p.
880 3040 954 3102 408.
990 3035 1075 3099 Hinc
1100 3033 1234 3121 leian.
1254 3033 1291 3099 in

137 3149 141 3156 ⁴
230 3117 357 3204 Digest.
380 3123 435 3198 60,
455 3126 504 3200 16,
524 3127 576 3187 63.
592 3143 700 3210 pense
718 3133 752 3187 te
768 3120 919 3209 ampliss
933 3129 983 3186 es't
998 3141 1100 3207 qnam
1118 3119 1216 3208 opud
1238 3131 1290 3186 te.-
1316 3115 1319 3122 ’

231 3225 317 3270 nam
331 3205 428 3294 apud
441 3218 475 3272 te
498 3219 557 3286 est,
601 3205 671 3272 uod
729 3206 833 3273 aliter
847 3207 1043 3294 qualitersa
1063 3217 1098 3271 te
1120 3215 1291 3286 teneatur,

227 3309 334 3382 persea
353 3303 389 3358 'ta
409 3303 478 3376 est,
500 3229 857 3382 quodqnoaltimmoto
872 3291 1081 3383 possidetur.

315 3415 347 3478 1.
379 3411 461 3480 Trio
483 3413 619 3483 suntin
642 3411 706 3482 hac
727 3412 992 3502 praepositione,
1021 3409 1187 3478 interdum
1211 3420 1289 3500 post

231 3512 329 3562 sunm
346 3519 468 3565 nomen
486 3501 607 3590 posita,
627 3499 844 3567 observanda.
881 3499 1029 3564 Primum
1047 3499 1135 3562 enim
1160 3519 1197 3562 ca
1212 3507 1290 3562 tan-

231 3589 305 3674 turn
323 3582 364 3650 de
380 3585 501 3672 quiere,
521 3609 591 3654 non
614 3585 657 3654 da
682 3595 778 3654 mola
801 3583 940 3651 dicitur:
970 3583 1005 3650 id
1030 3581 1121 3672 quod
1144 3583 1291 3672 Scaliger

231 3665 298 3750 iana
321 3671 454 3740 monuit
481 3671 522 3740 de
547 3675 641 3740 Gaas.
663 3671 721 3740 lat.
745 3671 827 3761 ling.
850 3692 881 3736 c.
906 3673 979 3736 153.
1003 3693 1036 3755 p.
1054 3671 1130 3735 888.
1147 3667 1290 3734 addanae

230 3749 342 3842 itaque
358 3757 758 3825 maximesnbstaolivum
776 3756 912 3824 verbum
931 3755 994 3821 sibi
1012 3755 1166 3820 vindicate
1189 3755 1290 3820 Prae·

230 3846 283 3902 les·
300 3839 381 3904 iuris
400 3843 465 3912 scri
491 3855 580 3910 tores
604 3846 805 3910 recentiores
827 3843 959 3908 nullum
981 3842 1091 3908 inveni
1105 3841 1230 3916 locum,
1253 3841 1290 3906 in

231 3943 298 4012 qao
321 3945 393 3990 non
414 3865 554 3995 verbum
582 3953 654 3996 essa
681 3939 738 3996 aut
760 3929 859 3998 verba
872 3951 977 4018 perses
998 3951 1033 3993 se
1047 3923 1190 4002 habere,
1207 3947 1290 3990 con-

129 4039 131 4044 ·
229 4009 361 4092 sistere,
372 4025 540 4091 constare,
550 4037 613 4102 pro
625 4039 706 4100 ease,
718 4017 880 4168 lepantnr.
896 4015 969 4080 lloo
978 4023 1209 4101 argumentum
1222 4013 1290 4076 ori-

229 4095 287 4162 lioi
309 4097 466 4166 adbibere
479 4099 644 4169 debebant
657 4104 692 4168 in
708 4101 742 4168 iu
766 4101 882 4176 ioando
897 4101 972 4168 loco
986 4099 1129 4166 Lucretii
1141 4104 1174 4180 2,
1194 4101 1289 4165 1⁰09.

194 4213 197 4227 ·
229 4179 346 4272 Neque
380 4207 400 4252 c
427 4185 598 4258 Ciceronis
626 4187 735 4259 vorbis
766 4189 1291 4275 iaVerr.8,78,171.qcrsm
