2886 4756
244 305 310 372 ros
330 262 390 342 >s
659 342 663 356 ,
723 259 830 406 rou.

313 475 360 528 ten
373 473 527 536 attinentur,
546 487 565 526 o
580 467 681 541 tegitur
696 489 749 526 ron
767 474 926 528 sondemus.
948 471 970 528 l.
994 488 1020 528 e.
1033 489 1087 530 uon
1107 479 1152 532 est
1165 479 1238 548 quod
1251 495 1298 534 ro·

315 559 453 616 cedamus.
480 555 663 610 rectumst.
685 557 712 623 l,
733 555 777 610 84.
804 568 885 630 eaput
911 561 1054 627 imperitet
1070 563 1165 616 deeora
1181 567 1298 618 omniurn

310 645 507 722 prouinciarum
523 641 561 694 orl
575 660 686 712 poenum
699 661 792 699 uouere
805 663 856 696 non
871 647 973 700 lterude
986 646 1044 710 illi,
1062 665 1124 714 ques
1143 667 1222 716 quum
1236 669 1297 704 rnu-

312 731 380 783 siure
401 721 563 782 Vitelliutr'n
578 745 624 778 uos
639 729 702 792 ciet,
723 729 987 782 Germaneuudoant
1022 730 1095 784 Plin.
1121 732 1235 786 Histri
1250 733 1296 799 24,

313 816 339 879 8,
353 814 395 866 32.
412 813 521 882 virgum
531 811 654 879 populi'
644 829 673 862 en
686 830 771 866 onunu
790 817 934 870 tenentibus
958 817 1100 886 intertrigo
1121 836 1174 873 non
1193 828 1297 876 uduo·

313 907 366 954 tur.
389 896 444 950 Sed
461 896 511 950 elii
527 886 637 950 libri
613 897 745 950 metuitur.

256 1039 258 1046 ⁴
347 1037 428 1094 Ovid.
445 1037 512 1091 Met.
535 1035 579 1102 15,
601 1035 660 1089 181.
681 1039 752 1090 mola
771 1055 846 1108 posse
867 1039 926 1108 poti
945 1059 996 1093 non
1018 1043 1075 1094 ullo
1093 1045 1199 1114 putetis.
1226 1045 1247 1098 i.
1268 1063 1293 1099 e.
1356 1063 1360 1066 ·

312 1125 416 1196 putetis
435 1123 513 1176 nullo
535 1121 609 1174 molo
632 1121 688 1190 pati
709 1141 797 1190 posse.
824 1123 922 1176 Horat.
943 1125 1030 1192 Epist.
1053 1127 1080 1192 1,
1107 1128 1155 1193 18,
1178 1129 1221 1182 12.
1242 1151 1294 1184 non

312 1213 410 1270 oscilla
426 1217 502 1262 luurn
517 1207 586 1259 ieeur
600 1209 691 1259 ulceret
702 1209 759 1260 ullu
773 1227 875 1276 puerve.
889 1208 907 1265 1.
924 1227 947 1261 e.
962 1213 1048 1265 nullu.
1070 1211 1177 1268 Tibull.
1192 1217 1250 1284 2,1,
1266 1217 1294 1271 11.

311 1315 363 1349 uon
381 1295 477 1347 audeat
491 1293 546 1344 ullu
567 1293 703 1356 lanificam
724 1293 810 1362 pensis
827 1287 978 1363 imposuisse
1000 1315 1114 1352 monum.

332 1443 445 1514 ,Vir-gil.
461 1444 527 1497 Aen.
541 1441 641 1507 12,18.
660 1459 712 1494 non
729 1445 841 1496 Teucros
862 1453 933 1514 egat
957 1447 987 1498 in.
1005 1448 1133 1504 Rutulos.-
1148 1481 1184 1492 -
1206 1464 1293 1510 nostro

310 1533 466 1586 dirimamus
487 1530 614 1597 sanguine
629 1530 731 1582 trellum.
760 1529 916 1597 Wagnerus
929 1531 1000 1584 bene
1015 1535 1152 1590 intellexit
1165 1537 1235 1590 haee
1248 1538 1293 1592 iu-

311 1625 355 1672 ter
374 1632 402 1667 se
418 1614 518 1680 opponi
535 1621 563 1666 et
586 1631 637 1666 nors
654 1613 720 1665 eddi
735 1610 785 1665 uni
801 1613 903 1667 nomini
923 1617 1105 1673 Teucrorum.
1129 1622 1207 1674 evit.
1232 1623 1292 1676 Art.

309 1697 481 1764 om.3‚133.
505 1699 795 1770 munditiis'eopirnurs
813 1697 866 1752 nori
888 1701 941 1754 sint
961 1705 1016 1756 sine
1031 1706 1089 1775 lege
1110 1709 1206 1774 supitii.
1229 1708 1249 1760 i.
1264 1727 1291 1762 e.

306 1788 354 1842 sed
369 1803 422 1838 uon
443 1782 501 1854 siue
519 1783 581 1850 lego
595 1782 649 1836 sint
664 1782 768 1849 supitii.
791 1782 852 1836 Am.
871 1784 898 1850 3,
912 1785 939 1851 t,
953 1784 996 1842 118.
1021 1797 1044 1842 et
1056 1791 1091 1844 stt
1105 1792 1199 1844 humus
1212 1793 1293 1847 ctum·

293 1904 294 1908 =
310 1891 365 1925 non
382 1885 492 1923 oneroso
506 1875 560 1921 tuo.
574 1865 593 1918 1.
610 1883 635 1922 e.
650 1866 730 1922 levis·

241 2032 246 2044 ¹
275 1978 278 2006 :¹
340 2005 428 2059 Rutil.
447 2003 517 2072 Lup.
534 2001 561 2066 2,
576 2001 604 2060 9.
629 2009 783 2072 prepropter
797 2004 938 2074 prodigum
953 2005 981 2058 in
1003 2009 1097 2066 multos
1121 2011 1291 2082 lorgitionem

312 2091 483 2144 abstinentiae
509 2089 680 2141 testimonium
699 2106 750 2138 non
772 2090 920 2144 credideris.
945 2091 993 2143 ubi
1019 2093 1199 2152 Ruhnkenius
1222 2099 1291 2152 scri.

312 2177 430 2230 lrerrdum
451 2173 556 2226 censuit
580 2190 619 2224 ne.
644 2171 697 2222 Sed
723 2171 799 2246 verbi
826 2179 867 2226 est
890 2177 1028 2242 optativus
1050 2179 1156 2234 modus.
1192 2181 1289 2238 senec,

309 2263 372 2318 Nat.
393 2279 437 2330 qu.
458 2259 484 2325 1,
501 2259 527 2322 3,
548 2257 574 2312 t.
592 2259 669 2310 huius
693 2259 731 2310 rei
754 2276 871 2311 caussam
893 2263 921 2313 in
952 2265 1058 2318 tremore
1085 2285 1137 2319 esse
1165 2287 1217 2320 non
1239 2272 1290 2322 du-

259 2385 262 2390 ·
312 2345 441 2399 litaverit.
483 2343 537 2397 Sed
564 2342 635 2412 quod
658 2341 768 2412 Lipsius
791 2344 902 2413 scripsit
929 2365 970 2413 ue,
994 2348 1075 2403 etiuur
1098 2349 1126 2408 in
1148 2353 1290 2408 codicibus

256 2445 258 2448 ·
310 2435 407 2484 exstet.

342 2553 469 2608 Davisius
485 2561 512 2607 st
527 2553 722 2608 Lullemondus
735 2555 915 2610 velromsdter
928 2561 1065 2640 errulum,
1083 2581 1166 2632 quum
1183 2563 1211 2618 iu
1229 2565 1289 2622 cte.

311 2641 396 2696 Tuse.
413 2641 438 2706 1,
453 2639 479 2704 Β,
494 2639 538 2692 11.
551 2639 738 2708 recipiebant:
758 2645 826 2694 mulo
841 2663 893 2696 non
910 2663 995 2716 roges.

336 2791 435 2843 Hurrt.
450 2793 510 2846 nrt.
529 2809 554 2858 p.
576 2789 638 2842 459.
656 2792 724 2854 lieet,
743 2795 890 2860 succurrite,
916 2798 1026 2867 longum
1044 2801 1158 2866 sternet,
1169 2804 1193 2856 io
1211 2804 1289 2867 eioes,

304 2878 408 2940 nonsit,
427 2879 471 2944 qui
487 2879 574 2930 tollere
593 2884 671 2930 euret.
706 2878 824 2931 Woltiue
838 2879 867 2932 in
882 2881 954 2934 Mus.
971 2885 1061 2954 Autiq.
1083 2887 1118 2939 T.
1138 2889 1164 2955 1,
1186 2909 1211 2956 p.
1225 2888 1288 2941 582.

224 2961 227 2966 ’
306 2959 446 3014 existimet
464 2972 571 3028 poetam
589 2961 680 3014 dicere
696 2979 748 3014 non
766 2964 799 3016 de
816 2981 858 3029 eo,
886 2969 957 3035 quud
980 2970 1042 3022 fieri
1066 2966 1159 3039 possit,
1183 2976 1232 3027 sed
1252 2976 1288 3027 de

205 3039 209 3046 ⁴
306 3065 348 3108 eo,
369 3043 517 3112 quodfieri
532 3046 638 3099 debent.
673 3048 709 3100 rt
724 3047 856 3104 Horatius
871 3053 992 3106 seribere
1010 3071 1064 3108 uon
1079 3058 1167 3124 potuit
1189 3077 1223 3112 ne
1244 3062 1286 3128 sit,

304 3133 352 3200 qui
371 3131 462 3182 tollere
484 3139 562 3184 euret.
589 3131 785 3184 Coniunctivus
808 3152 856 3201 pro
881 3137 975 3191 tuturo
1004 3145 1046 3193 est
1074 3141 1188 3208 positus.
1230 3145 1305 3224 Nos(

305 3213 453 3266 Germani:
470 3233 497 3284 so
513 3218 613 3269 mdelrte
627 3218 683 3269 sielr
696 3221 820 3272 nienrond
832 3221 934 3288 finden.
955 3222 1014 3280 Set.
1037 3225 1064 3291 2,
1085 3226 1112 3292 5,
1127 3228 1169 3298 te.
1188 3231 1288 3301 diffiei-

307 3302 356 3354 lom
374 3309 398 3353 et
412 3317 543 3352 morosum
561 3303 675 3368 offendes
691 3301 833 3372 garrulus:
849 3307 919 3358 ultro
938 3326 990 3360 nors
1004 3311 1083 3362 etiem
1101 3315 1187 3368 sileas.
1221 3317 1286 3370 Alio

306 3383 702 3452 11101001’11ἰυε’1“τίε1.3,1,
721 3387 764 3440 29.
783 3407 859 3458 poue,
887 3393 1003 3457 Perille,
1031 3401 1149 3450 metums'
1167 3409 1287 3454 tuntum-

305 3474 382 3523 morlo
393 3471 498 3538 femine
514 3489 566 3521 non
583 3473 617 3523 sit
633 3473 725 3539 deuio,
744 3492 790 3526 nee
805 3477 907 3543 seriptis
921 3480 1004 3531 disent
1020 3500 1112 3534 omero
1126 3485 1186 3536 tuis.
1213 3485 1286 3539 Num

303 3562 385 3621 postu
400 3561 447 3606 nut
464 3554 504 3606 ite
518 3555 645 3623 scripsit
663 3559 712 3610 out
734 3560 808 3628 quod
826 3559 982 3615 Gronovius
1009 3565 1085 3631 vitis,
1108 3573 1287 3624 tantummodo

300 3639 499 3706 seminassent
514 3643 598 3706 dcui,o
613 3659 662 3695 neu
679 3645 846 3714 scriptisetc.
866 3646 921 3700 Por
942 3655 1037 3703 votum
1053 3653 1181 3720 loquitur
1199 3655 1286 3712 Trist.

304 3721 332 3786 4,
348 3724 371 3785 1,
384 3721 410 3772 1.
428 3740 586 3792 quemquern
602 3728 650 3778 soli
664 3737 771 3796 possunt
784 3734 904 3800 prodesse
918 3743 1043 3805 potentes,
1065 3757 1119 3792 non
1139 3743 1223 3810 prosit
1237 3761 1286 3842 111

305 3809 366 3870 tius,
384 3807 407 3857 si
428 3810 580 3874 quisolesse
593 3821 686 3880 potest.
713 3815 813 3883 Vir-gil
831 3818 934 3889 Georg.
957 3821 982 3886 1,
998 3819 1058 3874 456.
1081 3844 1130 3877 non
1153 3827 1286 3896 elloquio

304 3908 383 3956 quarn
405 3909 445 3943 ure
462 3901 536 3946 noete
555 3913 603 3963 per
624 3899 740 3952 ultum
729 3917 821 3953 ere-
843 3915 954 3958 nroneut.
979 3908 1078 3963 Hei-nt.
1094 3903 1182 3978 Epod.
1199 3911 1284 3980 2,.53

304 3973 358 4026 Sed
373 3973 448 4028 Pers.
464 3977 489 4040 l,
503 3977 529 4028 5.
545 3997 606 4044 non,
630 3983 653 4034 si
670 3983 732 4052 quid
748 3987 858 4040 turbido
872 3990 1284 4068 reomaenses,acseuos.1t0u

305 4065 350 4113 est
369 4059 521 4117 nrlruuuitiu
542 4067 683 4132 modesto,
707 4071 758 4122 sud
779 4073 902 4140 grauior.
942 4057 1069 4132 ‘Flumine
1091 4082 1287 4140 soloecismum
1342 4062 1348 4071 ,

304 4145 436 4212 appellet.
