2870 4760
407 371 863 462 reuma-ruamus.
1015 465 1018 470 ,
1095 340 1169 454 'aaa

117 743 123 760 .
186 757 190 765 ,
274 607 536 764 raanan
586 647 976 750 renovarat.

8 911 11 918 ,
96 921 99 928 1
189 843 299 911 Exiis
318 843 492 924 adverbiis,
515 866 692 933 quaecum
713 867 780 934 per
801 844 988 933 composita
1008 852 1096 926 suat,
1118 841 1164 910 ab
1188 849 1190 857 '

7 999 10 1008 ,
60 961 64 964 ·
99 947 201 994 usum
227 931 409 997 admodum
432 953 546 997 rarum
571 931 719 996 notanda
745 929 901 998 videntur
918 930 1056 1018 perdia,
1096 929 1166 997 uad

7 1029 9 1108 g
100 1025 153 1082 est
169 1017 277 1082 valde
298 1020 371 1100 diu,
394 1029 426 1083 et
449 1016 665 1105 perdudam,
697 1019 791 1104 quod
820 1029 869 1085 est
891 1016 999 1084 valde
1025 1017 1071 1082 da
1122 1039 1167 1084 m.

7 1113 9 1122 “
96 1101 238 1168 'Perdia
257 1127 327 1170 non
349 1115 455 1169 exstat
476 1105 563 1192 apud
589 1104 749 1170 comicos.

208 1232 266 1286 Cic.
286 1233 323 1288 ad
341 1233 397 1288 Aa
415 1229 442 1296 3,
459 1230 502 1284 22.
519 1231 615 1302 perdia
632 1232 702 1284 ninii
721 1247 795 1284 mam
813 1207 966 1284 auditurae}
987 1228 1022 1282 de
1044 1230 1121 1284 Oret.
1137 1230 1166 1296 1,

170 1316 243 1383 ΕΘ.
261 1337 341 1388 qaam
361 1319 424 1372 boni
440 1317 534 1388 perdia
552 1317 620 1370 ualli
635 1344 669 1356 —
701 1317 887 1370 inveniremur.
927 1314 1039 1382 Apulei.
1061 1316 1168 1369 Floria.

172 1402 199 1472 l,
216 1401 242 1454 9.
257 1422 401 1474 praeeo-
417 1403 513 1473 perdia
530 1409 585 1455 stat
603 1409 650 1471 put
668 1401 793 1455 ambalat.
811 1397 860 1450 ubi
876 1398 922 1453 vd.
942 1400 1118 1469 Oudendorp.

205 1503 326 1560 Laevius
345 1507 373 1561 in
391 1507 427 1558 v1
447 1501 764 1573 Erotopaegnion‘apua
782 1499 918 1556 Priscian.
935 1501 978 1556 10.
997 1503 1094 1572 pent.
1106 1505 1165 1572 (lo,

170 1589 197 1656 8,
215 1589 273 1668 47.)
295 1601 321 1646 te
340 1593 526 1645 Andromache
544 1592 692 1660 perdadam
717 1607 800 1640 marrae
826 1590 950 1644 lasciuola
974 1608 1005 1640 ac
1034 1591 1164 1656 tenellulo,

171 1675 257 1744 capiti
275 1693 332 1730 meo
351 1679 497 1746 trepidans,
516 1677 598 1728 libens
615 1675 718 1728 inaulita
732 1673 803 1742 pleri
815 1689 928 1730 manere.
963 1675 1055 1730 etant.
1073 1675 1164 1730 Stich.

7 1725 9 1736 Ι
95 1763 100 1770 “
170 1755 303 1828 4‚1,69.
322 1763 380 1816 uidi
397 1762 488 1834 edepol
505 1762 635 1818 bominem
653 1759 727 1814 houd
745 1753 932 1830 perdendum(

479 1993 806 2086 PEREGRE.

190 2181 320 2260 Omnes
335 2181 545 2271 grammatici
568 2179 687 2244 docent
702 2200 855 2267 peregre
877 2175 1004 2244 facturn
1030 2198 1100 2247 esse
1122 2203 1166 2248 ex

92 2279 219 2358 peret
237 2291 342 2356 ager:
368 2279 399 2333 at
415 2289 482 2354 quo
501 2266 606 2331 modo
623 2266 791 2353 primitiva
807 2263 919 2330 farma
943 2269 1167 2355 compositio·
1263 2287 1270 2306 ⁸

99 2357 167 2430 nis,
189 2358 323 2440 quaein
341 2352 542 2433 admodum,
563 2351 713 2424 obviam,
727 2351 932 2440 propediem
949 2375 1015 2416 non
1042 2366 1167 2421 mutata

99 2451 175 2520 est,⁴
191 2433 374 2505 oblitterari
390 2439 550 2528 potuerit,
574 2460 677 2504 nemo
695 2443 859 2528 exposuit.
905 2440 1017 2520 Quare
1038 2440 1098 2504 aba
1114 2442 1166 2508 vie

88 2527 167 2592 *crit
184 2526 418 2592 incedendum.
461 2525 548 2590 Nam
562 2545 710 2612 peregre
721 2525 891 2612 originem
915 2527 1047 2590 daixisse
1072 2527 1167 2590 vide-

98 2623 160 2676 tur
193 2635 210 2677 a
243 2613 346 2678 verbo
386 2611 523 2698 antiqua
551 2633 783 2700 peragerem,
823 2617 841 2675 'e
868 2625 935 2698 quo
966 2611 1168 2679 adieetivuna

99 2697 231 2788 prodiit
263 2719 453 2788 peregerim
499 2697 567 2764 sive
609 2695 775 2784 pereger,
837 2697 1068 2762 recentissimo
1106 2721 1168 2768 usu

97 2797 348 2870 regeneratum.
394 2783 540 2870 Antiqua
566 2781 681 2848 forma
704 2783 967 2871 erat'peregrei‚
993 2784 1084 2871 quod
1115 2785 1172 2850 vel‘

91 2871 245 2960 peregri
262 2871 310 2935 vei
324 2893 475 2970 peregre
489 2869 780 2958 pronuntiabatur.
803 2869 889 2935 Hinc
903 2891 980 2934 vero
996 2871 1167 2936 distinctio

15 2981 23 3000 ¹
100 2978 123 3021 a
148 2958 373 3042 grammaticis
396 2957 495 3021 iacta.
555 2955 722 3019 Charisius
753 2955 842 3020 enirn
876 2979 909 3042 p.
935 2961 1008 3021 189.
1021 2957 1178 3047 peregri⁸

100 3054 231 3118 autem,
262 3065 363 3130 qaam
379 3043 415 3107 in
432 3042 507 3106 loco
522 3051 591 3106 eet:
611 3041 759 3108 Plantae
781 3042 817 3106 ia
839 3040 949 3106 Perse
968 3045 1014 3129 (t,
1035 3051 1066 3123 t,
1082 3049 1168 3126 80.)=

99 3127 162 3216 qni
183 3149 267 3200 eras,
279 3129 424 3216 peregri
445 3139 506 3194 est.
552 3123 709 3197 Naevius
727 3129 765 3194 ira
783 3127 998 3194 Tarentilla:
1012 3130 1171 3216 primam

100 3212 155 3278 ad
174 3214 338 3279 virtutem
364 3225 402 3277 at
428 3212 600 3290 redeatis,
625 3211 758 3278 abeatis
779 3211 823 3278 ab
845 3215 1015 3300 ignauia,
1038 3215 1169 3298 domae,

11 3319 14 3354 ῑ
93 3309 235 3387 patres,
250 3300 414 3386 patriam
428 3309 466 3364 ut
480 3298 605 3363 calatis
614 3301 735 3386 polias
753 3323 855 3386 qnam
866 3300 1013 3388 peregri
1030 3299 1169 3386 prodire.

11 3403 14 3444 τ
100 3381 258 3472 Peregre
296 3409 377 3448 mim
400 3381 644 3474 abit'da'cimas
671 3386 745 3472 qais
770 3385 808 3448 ire
826 3385 957 3460 laam,
985 3397 1022 3450 at
1048 3383 1168 3451 Titin-

100 3470 183 3535 izias
201 3471 238 3534 in
287 3469 447 3544 'ibicinar'
461 3467 502 3534 V
499 3482 513 3534 t
528 3471 584 3534 bie
598 3469 736 3558 legatae
759 3469 833 3534 abit
856 3478 1010 3556 peregre
1021 3469 1168 3558 publice.

12 3589 14 3626 2
101 3553 254 3620 Plautus
272 3577 398 3643 praeque
419 3557 456 3620 ire
471 3553 713 3620 Praedonibas
733 3565 795 3619 aui
809 3556 848 3619 in
870 3557 1000 3621 Caeco,-
1017 3577 1169 3645 peregre

12 3709 13 3714 ,
103 3651 168 3706 est.
211 3639 311 3706 Idem
339 3643 376 3726 ira
406 3639 640 3706 Bacchidibus
664 3645 712 3723 (3,
737 3645 768 3720 6,
790 3643 834 3710 7.)
858 3661 1001 3706 caenam
1024 3665 1170 3732 peregre

12 3749 17 3802 ξ
104 3725 321 3792 ada'eaienti.
367 3727 519 3815 Peregre
531 3749 598 3812 pro
616 3728 761 3816 peregri
781 3721 939 3792 Naevius
966 3729 1004 3794 ira
1032 3727 1169 3794 Taren-

13 3829 19 3888 ξι
105 3811 206 3878 titia:
233 3811 291 3876 nbi
318 3811 378 3876 isti
408 3813 475 3876 dno
503 3811 734 3877 adolescentes
758 3810 910 3889 hubent,‘
931 3815 990 3900 qrri
1013 3815 1169 3881 dicante

13 3931 19 3972 ς
99 3909 214 3986 parta
226 3898 353 3986 patria
362 3920 513 3986 peregre
523 3897 733 3996 prodigunt.
778 3899 1169 3966 Nonmultainvenian-

13 4025 20 4060 p
106 3995 165 4047 tur
182 3983 334 4072 exempla
360 3985 449 4070 apud
474 3994 654 4070 scriptores
680 3995 815 4067 veteres,
844 3996 976 4074 praeter
1000 3989 1167 4053 comicosz

13 4089 20 4146 i
106 4089 214 4134 unum
229 4071 264 4134 in
287 4070 455 4136 Ciceronis
474 4069 578 4134 libris.

197 4177 226 4238 l.
259 4167 462 4260 significatio
488 4179 628 4236 constat.
675 4171 779 4238 Sicuti
813 4172 848 4238 in
870 4171 939 4236 aliie
964 4171 1170 4250 nominibus,

106 4267 191 4344 quae
207 4255 321 4325 locum
337 4267 500 4350 spectant,
517 4258 625 4337 ‚etiam
643 4257 678 4325 in
703 4257 777 4326 hod
791 4257 988 4325 coniunctae
1013 4269 1092 4326 sunt
1112 4265 1171 4326 rass
1253 4265 1255 4272 ’

154 4357 213 4427 lv.
918 4363 961 4426 29
