2886 4756
594 313 701 380 NON.
1113 317 1176 388 267

181 507 184 514 ¹
229 483 321 540 Ptoou
342 481 422 536 Trio.
439 481 510 552 1,·1,
526 483 574 566 06.
587 503 640 540 rou
655 484 789 542 redderet:
815 463 899 554 oeque
919 485 952 542 de
972 483 1020 538 ruo
1034 486 1177 556 quidquem

192 587 274 640 noque
291 586 386 625 emeres
406 585 487 638 aequo
509 571 641 624 υππάπποπ.
683 624 686 628 ,

232 697 340 750 Goruel.
359 693 483 764 Ageoss,
500 694 526 747 1.
546 713 627 764 quare
645 695 731 748 venire
746 711 799 746 nou
815 695 954 749 dubitaret.
986 695 1047 748 'Sed
1067 695 1174 750 codices

194 781 302 850 antiqui
325 781 428 834 habeut
453 799 495 832 ae.
530 779 620 833 Tacit.
639 780 706 832 Ann'.
721 779 748 844 1,
763 779 806 832 11.
827 781 939 848 proinde
958 777 986 832 iu
1006 783 1114 834 ciuitate
1137 790 1175 836 tet

194 867 339 1004 illustrigus
355 864 419 917 sirie
435 865 543 918 subnixu
558 881 608 917 ποπ
622 865 658 918 od
670 883 752 918 uuum
766 867 855 918 omnio
869 867 1013 961 deferrent.
1033 867 1174 936 coniunge

195 969 247 1004 ποπ
270 969 287 1004 α
326 969 418 1008 uuum.
513 963 515 968 ·

227 1095 306 1150 Alius
320 1093 431 1164 generis
451 1093 520 1148 haec
538 1097 601 1146 suut
617 1092 690 1147 Ptin.
710 1092 782 1146 Hist.
800 1109 826 1146 n.
845 1091 888 1157 2⁹,
903 1092 929 1158 1,
946 1092 972 1146 8.
992 1113 1043 1148 ποπ
1056 1096 1108 1150 siut
1123 1115 1174 1150 or-

171 1183 227 1236 *tu
247 1181 305 1245 ista,
326 1183 371 1234 sod
392 1181 543 1232 hominnm.-
568 1198 620 1232 ποπ
639 1168 728 1248 magis
749 1179 813 1231 hoec
833 1179 891 1230 urbi
911 1181 999 1233 timuit
1026 1181 1109 1245 cato,
1142 1191 1174 1236 ut
1277 1237 1279 1250 ‚

189 1266 309 1334 equidem
325 1267 420 1330 oredo.
434 1282 513 1333 quom
533 1267 647 1334 reginos.
671 1262 690 1314 i.
708 1280 732 1316 e·
748 1263 930 1338 concedamus
951 1281 1003 1316 non
1023 1281 1082 1317 esse
1097 1266 1174 1334 ortis,

192 1367 243 1403 neo
259 1349 348 1419 magis
367 1357 420 1404 etc.
456 1349 548 1402 ieter.
562 1349 635 1400 Maur.
647 1345 674 1412 4,
690 1347 716 1401 3.
735 1337 797 1402 Eu.
812 1345 839 1406 4.
856 1335 923 1410 πιόπ,
946 1350 1035 1418 iuquit,
1050 1349 1088 1404 'de
1103 1360 1174 1404 oete-

192 1438 248 1490 ris:
267 1436 372 1490 interim
388 1453 406 1488 a
424 1435 477 1488 rolr
494 1435 561 1488 mihi
578 1435 653 1486 vatim
670 1451 719 1484 nou
737 1435 825 1486 obrue.
860 1431 978 1500 Vulgari
1002 1435 1082 1486 modo
1104 1433 1174 1488 dioi-

192 1526 239 1575 tur
258 1537 308 1588 pro
326 1521 401 1572 ortim
421 1528 451 1574 ut
469 1538 522 1572 ποπ
539 1521 628 1572 obstes.
663 1517 748 1585 quue
766 1520 818 1569 n'on
840 1516 960 1570 alienum
979 1526 1039 1572 erut
1062 1537 1079 1574 u
1103 1521 1174 1574 scri·

192 1604 318 1675 litoribus
336 1603 445 1656 infimae
463 1603 577 1666 astutius
605 1603 730 1655 Iouotant.
750 1601 824 1670 Epit.
850 1601 894 1668 57,
911 1601 954 1654 14.
972 1620 1021 1656 ποπ
1038 1623 1107 1657 ruore
1122 1615 1174 1668 ter-

192 1697 258 1755 reat,
275 1707 329 1742 πππ
348 1691 562 1762 dolorsrangut‚
579 1707 628 1758 quo
646 1690 732 1742 miuus
748 1688 826 1758 vigor
841 1689 926 1742 animi
938 1716 974 1728 —
987 1697 1110 1744 servetur.
1127 1691 1172 1756 62,

192 1773 219 1842 s.
236 1772 280 1840 er,
299 1773 343 1826 12.

213 1939 265 1999 11.
297 1931 433 2020 Duplici
447 1932 608 2020 porticula
626 1931 775 2016 negativo
790 1929 863 1995 tolli
878 1932 1090 2018 negationem
1117 1933 1172 1999 vix

123 2039 244 2105 operae
260 2020 406 2106 pretium
425 2031 473 2083 est
489 2041 580 2084 exem
610 2017 648 2082 lis
665 2017 902 2082 demonstrare.
947 2018 1049 2104 Saepe
1065 2021 1173 2085 maior

123 2114 174 2168 est
189 2106 235 2168 vis
254 2104 450 2179 affirmandi,
494 2127 567 2169 uam
585 2043 646 2170 iiue
663 2101 838 2168 verborum
854 2101 1072 2168 collocutione
1089 2127 1172 2169 oon-

122 2191 312 2275 sequimur:
336 2191 393 2255 ·in
423 2195 478 2277 qui
506 2192 621 2255 uadum
650 2188 759 2270 verbis
791 2188 872 2252 adeo
904 2191 1042 2274 proprio
1074 2192 1179 2255 notio'

124 2287 291 2356 mutatur,
329 2279 418 2340 velut
446 2300 514 2340 nou
541 2276 643 2362 posse
668 2297 738 2338 nou
761 2271 922 2358 significat
944 2275 1171 2360 necessitatem

124 2362 258 2448 agendi.
298 2363 451 2426 Ceterum
468 2363 502 2426 in
528 2363 633 2426 verbis
657 2381 719 2424 neo
742 2357 777 2446 p.
806 2365 874 2424 131.
897 2358 993 2444 (adde
1015 2362 1171 2430 Werner.

123 2459 157 2512 et
186 2447 384 2534 Heusinger..
411 2449 445 2511 in
472 2447 637 2512 Veehueri
668 2445 876 2510 Hellenolex.
906 2468 939 2528 p.
962 2445 1049 2526 388.)
1073 2457 1171 2512 etue

122 2533 262 2622 quidem
283 2557 317 2622 p.
341 2535 394 2598 64.
411 2531 500 2620 (add.
519 2531 712 2621 Wopkens.
727 2532 816 2596 Leet.
837 2529 928 2596 Tull.
943 2553 977 2618 p.
998 2531 1087 2618 394.)
1103 2531 1170 2596 iam

124 2643 144 2684 a
170 2619 269 2683 nobis
292 2631 340 2684 est
362 2619 572 2704 expositum,
600 2641 664 2706 quo
682 2617 810 2682 ratione
830 2626 907 2704 post
923 2640 992 2680 nou
1015 2638 1079 2682 una
1103 2641 1170 2682 no-

71 2769 85 2784 ,
124 2705 173 2768 tio
197 2727 259 2792 per
281 2706 470 2790 negationes
491 2705 523 2770 in
551 2727 625 2770 suos
653 2714 762 2789 partos
785 2703 952 2776 dividitur,
986 2714 1041 2766 out
1060 2703 1170 2770 addita

124 2789 227 2856 altera
243 2793 416 2878 negatione
434 2791 605 2878 oppositio
622 2789 660 2854 fit
674 2811 785 2854 rerum
803 2789 1039 2874 negandorum.
1082 2791 1171 2854 Poe-

124 2885 178 2940 tae
194 2886 322 2956 autem,
350 2877 495 2940 Graecos
518 2874 656 2949 imitati,
693 2875 861 2940 interdum
882 2875 924 2938 du
952 2875 1092 2940 licorunt
1109 2899 1171 2942 ne-

124 2963 293 3049 gationem
310 2963 371 3042 ite,
394 2972 432 3026 ut
449 2984 588 3028 resnou
612 2961 850 3042 affirmaretur,
882 2897 949 3024 seri
962 2958 1083 3026 fortius
1110 2985 1172 3026 ne-

125 3060 270 3134 garetur.
312 3047 348 3112 ld
366 3069 549 3134 numquam
577 3071 595 3112 a
610 3045 778 3196 ίΙππεπίοἰε
805 3045 1022 3132 scriptoribus
1045 3045 1171 3112 foetum

126 3156 208 3198 esse.
223 3132 394 3198 contendit
417 3133 567 3199 Bromius
590 3157 607 3196 a
655 3130 790 3196 Gornel.
813 3134 879 3196 Au.
901 3137 949 3205 11,
967 3131 998 3194 5.
1041 3132 1171 3198 Tamen

123 3219 173 3284 itti
192 3219 341 3284 fecerunt
358 3229 413 3284 aut
428 3242 488 3306 per
502 3217 733 3306 negligentiam
756 3216 796 3280 ad
816 3217 948 3302 vulgare
965 3216 1093 3278 dicendi
1110 3240 1170 3303 ge·
1200 3233 1204 3243 ’

123 3325 188 3368 nus
221 3305 360 3391 propius
385 3305 591 3386 aecedentes,
640 3313 696 3369 aut
727 3303 783 3366 ubi
819 3300 1171 3378 vocobulumnullum

124 3389 178 3458 vei
196 3412 295 3456 nemo
315 3391 439 3456 aderat.

228 3549 285 3603 Cic.
308 3550 343 3602 de
367 3549 428 3604 uin.
450 3550 476 3616 3,
491 3549 517 3618 8,
531 3549 575 3604 29.
590 3551 636 3620 qui
649 3557 756 3604 mortem
769 3547 799 3603 iu
814 3544 893 3600 motio
906 3545 999 3617 pouit„
1021 3563 1075 3600 ποπ
1087 3553 1172 3618 potest

191 3653 252 3690 eum
270 3653 323 3689 ποπ
339 3637 435 3690 timere.

227 3759 329 3826 utar,
350 3759 395 3830 45,
416 3761 442 3816 5.
467 3765 534 3817 nette
556 3762 652 3814 uatus
673 3759 775 3821 horter,
793 3759 861 3810 nolte
877 3775 1033 3822 ruroessum,
1058 3775 1108 3810 ποπ
1119 3775 1172 3827 po-

192 3847 285 3911 stibus,
303 3863 354 3900 ποπ
370 3851 523 3902 consulibus.
541 3845 667 3912 3,11‚6.
686 3851 814 3910 utrem,
831 3845 1000 3915 uoutr'ugue,
1025 3861 1078 3896 uou
1091 3859 1173 3896 πιαππ

190 3931 339 4002 promptior
361 3933 388 3985 iu
411 3934 517 3986 ciuitate
537 3933 685 3992 intuetur.
757 3992 761 3998 ι

225 4083 338 4140 loverro
364 4082 458 4138 ordino
484 4083 592 4142 Petron-
622 4079 666 4136 58.
685 4097 744 4156 ¹uer
773 4096 877 4136 rursum
907 4096 954 4132 nee
979 4077 1098 4138 deorsum
1120 4091 1172 4130 uuo

192 4184 287 4230 orooro.
587 4173 594 4184 “
807 4182 809 4186 ’
