2886 4756
239 338 304 404 886
679 329 827 398 ttvttc.

321 510 354 572 7.
391 504 443 572 na
475 501 551 568 iam
572 489 673 568 nahc‘
691 475 842 568 dixeram
867 501 971 566 'Pom
997 505 1028 566 8.
1045 515 1086 590 p.
1114 501 1188 567 158.
1215 521 1300 588 quae

236 593 372 658 Hessius
387 591 420 655 in
436 589 774 654 Zimmermannianis
792 587 1005 676 Ephemerid.
1022 609 1048 651 a.
1067 592 1158 654 1888.
1174 611 1209 675 p.
1224 591 1300 652 268.

235 700 357 765 magna
372 698 413 741 ex
430 685 525 764 parte
543 674 757 760 improbavit.
800 675 929 739 Tamen
950 673 1127 738 videndum
1145 687 1206 749 est,
1230 695 1299 760 quo

236 766 309 829 iure
326 763 389 827 hoc
405 760 528 827 fecerit.
552 759 658 826 Etiam
677 761 837 829 ltliillerus
853 761 886 825 in
901 759 1006 824 lalrnii
1023 760 1141 824 Annal.
1157 783 1184 823 a.
1202 763 1298 824 1880.

236 850 340 916 Tam.
366 854 414 914 18.
439 871 473 934 p.
497 848 550 911 48.
574 845 689 912 docuit
710 869 810 919 nunc,
831 847 905 910 iam
934 866 1070 932 semper
1089 856 1299 932 praesentem

236 957 311 1000 rem
328 931 724 1020 plaete1·itae‚iammmc
740 933 873 996 futurae
891 933 1082 1019 oppositam
1100 930 1298 1018 significare.

236 1020 291 1085 Ex
314 1042 386 1086 mea
403 1017 538 1106 quidem
563 1018 722 1103 opinione
746 1018 821 1096 iam
846 1039 912 1081 non
940 1039 981 1082 ex
1006 1018 1134 1104 origine
1164 1039 1223 1080 sua
1249 1027 1300 1080 est

236 1105 399 1194 particula
425 1103 636 1190 temporalis,
665 1103 723 1168 sed
750 1103 951 1188 significatio
982 1105 1049 1165 eius
1082 1100 1227 1166 refertur
1256 1101 1298 1168 ad
1349 1133 1352 1138 ·

235 1204 382 1279 tempus,
403 1200 440 1254 ut
456 1189 488 1254 id
509 1187 660 1253 definiat:
684 1189 783 1275 idque
809 1188 1035 1276 pronominali
1061 1187 1214 1252 vocabuli
1239 1210 1300 1250 na·

236 1287 332 1342 turae
347 1271 529 1340 'convenitz
553 1297 615 1350 nec
639 1275 759 1340 Haasio
783 1275 921 1340 concedi
943 1284 1064 1362 potest,
1084 1273 1159 1338 iam
1181 1273 1298 1356 expri-

237 1384 331 1428 mere
366 1381 582 1452 progressum
611 1361 645 1425 in
677 1371 743 1424 tem
774 1383 833 1424 ore
868 1361 1049 1446 abaliquo
1074 1381 1110 1424 rc
1134 1360 1174 1424 ad
1198 1358 1298 1424 aliam

236 1448 375 1525 factum,
398 1447 561 1534 quomis,
587 1447 642 1532 qui
658 1445 732 1510 iem
747 1383 906 1532 loquitur,
927 1455 1139 1510 momentum
1161 1443 1307 1530 aliquod

236 1533 401 1620 temporis
427 1529 669 1620 progredientis
696 1543 815 1599 teneat.
874 1533 943 1596 Nec
976 1531 1079 1616 igitur
1104 1532 1298 1619 primariam

238 1617 514 1707 significationem
528 1619 719 1704 putabimus
734 1639 804 1682 esse
819 1618 933 1692 salton.
977 1617 1042 1682 sed
1068 1617 1141 1680 iam
1158 1639 1249 1679 uerno
1265 1627 1300 1680 et

237 1728 328 1770 ntinc
357 1705 431 1768 iam
459 1703 590 1790 plenam
617 1703 766 1767 efficiunt
792 1704 984 1780 notionem,
1023 1703 1091 1766 sive
1112 1701 1299 1766 referamus

239 1786 313 1855 ea'm
330 1789 369 1853 ad
387 1811 541 1876 praesens
556 1798 688 1877 tempus
712 1789 896 1854 distinctius
918 1788 1155 1869 definiendum,
1172 1787 1239 1851 sive
1256 1787 1299 1852 ad

237 1874 603 1961 antecedensttempue‚
626 1885 661 1938 ut
677 1875 717 1938 sit
735 1897 825 1939 ntiae
841 1887 874 1938 et
895 1898 965 1940 non
991 1885 1107 1952 antea,
1131 1884 1211 1949 erat,
1230 1873 1299 1939 sive

237 1961 439 2046 adsequens
463 1971 613 2047 tempus,
641 1963 678 2024 ut
701 1961 743 2024 sit
769 1983 859 2024 nrinc
883 1971 916 2024 et
937 1983 1006 2024 non
1020 1971 1156 2045 prostes,
1180 1959 1297 2024 schoa.

239 2048 359 2128 Quare
373 2046 496 2133 triplex
511 2045 633 2110 horum
652 2047 888 2110 vocabulorum
912 2055 961 2108 est
984 2044 1193 2130 significatio,
1217 2067 1297 2132 ger-

237 2133 376 2198 manicis
392 2131 499 2197 verbis
515 2131 684 2197 reddenda
711 2140 741 2196 1.
758 2133 841 2196 ietzt
857 2130 948 2196 eben.
972 2131 1054 2195 ierat
1066 2153 1148 2208 arira,
1168 2135 1227 2194 νῦν
1248 2128 1298 2213 δή.

126 2269 130 2276 .
238 2225 270 2284 2.
293 2220 395 2284 sclzon
421 2219 514 2282 ietzt.
536 2223 568 2282 3.
595 2231 663 2282 erat
690 2218 790 2295 ierat,
820 2219 907 2282 :rocla
929 2218 1020 2292 ietzt.
1065 2216 1166 2297 Quod
1184 2227 1297 2281 autem

237 2299 476 2370 Hessius‘cum
511 2302 654 2370 Miillero
685 2305 717 2368 in
743 2304 862 2376 ordine¹
883 2302 1123 2368 vocabulorum
1147 2324 1297 2366 caussam

238 2391 385 2477 diversae
403 2388 650 2478 significationis
669 2391 795 2474 quaerit
813 2400 911 2476 atque
927 2389 1040 2454 statuit
1060 2389 1092 2452 in
1116 2411 1205 2452 nttnc
1224 2388 1299 2452 iam

235 2475 401 2564 praesenti
424 2477 471 2539 rei
495 2475 624 2561 opponi
649 2487 725 2538 ante
758 2485 884 2547 actam,
915 2473 1059 2560 ideoque
1082 2497 1173 2562 recipe
1189 2475 1297 2561 magis

241 2561 349 2627 valere
367 2583 464 2647 quam
482 2561 566 2642 iam,
588 2559 734 2626 sedium
749 2583 849 2639 atine,
873 2561 908 2624 in
928 2561 1048 2646 quibus
1069 2583 1161 2624 nanc
1183 2561 1297 2624 mino-

236 2670 309 2712 rem
327 2647 442 2710 haheat
463 2647 549 2720 vim,
570 2645 687 2712 referri
713 2647 844 2710 adrem
865 2645 1010 2710 laturam
1036 2668 1104 2710 non
1130 2657 1297 2732 exspecta-

236 2743 328 2808 tam,
355 2754 462 2818 neque
480 2753 638 2818 :linquam
657 2732 732 2795 iam
750 2753 840 2796 :runc
861 2734 953 2820 poni,
976 2731 1032 2796 ubi
1050 2753 1102 2796 res
1120 2743 1295 2820 exspecta-

236 2818 364 2882 tionem
392 2816 565 2891 fefellerit,
595 2817 686 2903 quod
712 2827 761 2882 est
787 2831 856 2882 erat
876 2819 975 2882 r'etzt:
1000 2817 1080 2882 haec
1101 2839 1210 2904 neque
1235 2839 1297 2882 usu

237 2924 347 2989 neque
367 2904 496 2966 ratione
511 2903 586 2966 satis
603 2914 754 2968 constare
772 2904 934 2968 videntur.
979 2905 1065 2968 Nam
1087 2903 1182 2967 sicuti
1207 2903 1297 2968 Ger-

236 2989 328 3054 mani
353 2989 538 3070 loquuntur
564 2989 646 3052 ietzt
672 3000 742 3053 erst
764 3000 796 3054 et
820 3001 891 3054 erat
913 2991 1011 3067 istst,
1034 2989 1116 3052 ietzt
1135 2990 1240 3052 achim
1264 2999 1301 3053 et

235 3075 340 3138 seleon
356 3073 438 3139 ietzt
456 3097 525 3137 aran
543 3073 673 3139 diverso
698 3097 814 3154 sensa,
836 3076 882 3138 sic
905 3075 1002 3139 etiam
1027 3073 1134 3138 Latini
1160 3074 1297 3138 vocula-

235 3163 366 3226 tionem
384 3171 415 3224 et
434 3159 586 3224 ordinem
605 3159 784 3225 verborum
801 3171 942 3224 mutant.
984 3159 1090 3246 Saepe
1107 3160 1196 3224 enim
1221 3161 1297 3224 iam

236 3268 327 3312 nanc
341 3245 503 3333 signiticat
518 3246 600 3309 ielzt
615 3267 703 3320 nun,
729 3245 820 3332 quod
837 3247 892 3310 ille
909 3245 989 3309 dicit
1004 3267 1075 3310 esee
1096 3267 1187 3308 nrrnc
1208 3245 1296 3310 iam.

235 3331 372 3397 Terent.
398 3333 517 3396 Heaut.
541 3337 572 3406 2,
594 3333 718 3410 8,185.
740 3332 815 3395 iam
838 3353 928 3396 nrrnc
955 3331 1040 3395 haec
1063 3353 1132 3395 non
1154 3343 1204 3395 eat
1219 3343 1295 3397 tua.

234 3418 323 3482 Haec
341 3418 477 3482 Haasius
493 3417 602 3482 reddit
616 3417 718 3480 achon
737 3417 829 3495 ierat,
845 3415 1001 3504 ohgleicle
1016 3416 1084 3481 wir
1093 3417 1181 3480 noch
1197 3417 1295 3482 nieht

236 3503 286 3567 im
305 3501 425 3568 Hense
450 3503 509 3568 des
539 3500 670 3568 Vetera
692 3503 889 3590 angelacgt
915 3503 1016 3580 sind,
1055 3502 1101 3566 ist
1127 3503 1177 3566 sie
1198 3503 1297 3568 nicht

236 3588 295 3652 die
311 3587 475 3676 Deinige‚
501 3588 674 3674 verbisque
695 3589 827 3652 tribuit'
841 3591 909 3652 vim
939 3587 1091 3654 alienam.
1143 3580 1295 3674 Clitipho

234 3695 340 3759 quum
356 3673 494 3738 dixisset
513 3696 575 3738 cur
588 3670 740 3738 retines?
760 3674 865 3760 Syrus
881 3672 1078 3760 respondet:
1103 3695 1193 3737 nrtnc
1207 3674 1296 3738 haec

234 3781 305 3823 non
321 3768 372 3822 est
388 3771 462 3826 tea.
486 3758 583 3823 Tum·
594 3758 760 3846 Clitipho:
785 3757 869 3848 quid
884 3759 1022 3823 nunc?
1036 3758 1142 3845 Apud
1152 3769 1296 3846 patrem

235 3844 306 3908 scio
329 3865 383 3906 me
407 3842 527 3908 debere
551 3843 781 3910 dissimulare.
827 3846 861 3910 Si
885 3845 990 3932 Syrus
1017 3843 1172 3924 dixisset,
1201 3844 1296 3931 quod

234 3929 306 4012 vult
322 3929 474 4004 Haecine,
504 3949 574 3992 non
600 3929 744 3995 adddere
768 3931 930 4018 potuisset
955 3929 1123 4016 Clitipho:
1151 3940 1296 3996 atnunc

234 4015 386 4080 interim.
408 4014 488 4078 Iam
504 4037 594 4078 nimo
611 4016 713 4102 igitur
728 4016 872 4102 graviori
896 4015 927 4081 vi
950 4015 1109 4102 exprimit
1131 4014 1175 4086 id,
1201 4016 1295 4102 quod

233 4101 320 4166 inest
344 4101 380 4178 in
401 4099 545 4187 simplici
572 4123 674 4165 neree.
719 4102 774 4166 Sic
804 4102 908 4167 Plaut.
931 4105 1022 4167 Asin.
1046 4108 1078 4181 2,
1095 4103 1126 4178 4,
1147 4105 1200 4165 89.
1217 4101 1295 4165 iam

234 4185 491 4260 nancsecucda
513 4185 601 4252 milti
611 4183 722 4279 facis.
763 4186 835 4255 Lit.
863 4193 902 4272 2,
929 4188 991 4272 54,
1004 4189 1043 4254 ’6.
1065 4186 1187 4275 quodsi
1207 4208 1294 4252 con-
