2854 4750
232 319 275 380 oo
461 415 463 427 Ι
708 297 793 378 ΝΕ.

299 485 362 538 dnn
378 493 429 550 est,
449 491 478 538 nt
493 471 595 538 leonnte
616 501 661 538 nos
687 501 740 538 esse
755 484 865 554 possitis.
903 483 930 547 4,
946 480 973 548 9,
990 481 1034 536 lu.
1058 485 1168 553 dentque
1193 487 1291 554 eifnit

298 571 396 640 magni
411 570 503 633 enimi,
519 587 571 641 non
584 569 633 622 isse
651 571 794 640 supplicem
808 554 900 622 uictori
908 607 915 633 ,
928 569 997 632 uide,
1018 585 1050 620 ne
1062 571 1167 636 superii
1178 572 1221 637 eit,
1238 576 1292 626 ud-

296 655 419 724 spernari
432 655 544 710 eiusdem
559 655 749 709 liberalitatem.
779 654 862 708 Tusc.
878 653 904 720 5,
922 651 965 717 15,
980 649 1023 704 45.
1044 653 1186 716 uideamus,
1200 674 1240 720 ne,
1257 664 1290 711 ut

296 757 401 793 nonme
415 758 446 792 en
460 738 502 791 eni
514 739 619 808 generis
631 741 739 809 ςιαιιιι,
759 740 797 792 eie
810 741 888 792 beuta
902 738 959 792 uita
973 753 1006 789 er
1019 738 1063 788 etti
1076 738 1201 792 similibus
1220 760 1290 810 pur-

206 823 209 830 ’
295 823 445 890 tilnsesfioi
465 823 567 876 delent.
601 819 662 875 Irin.
676 822 720 890 35,
736 822 804 888 (11.
820 825 901 876 etinin
916 829 993 890 atque
1008 821 1089 874 etiem
1103 825 1236 888 viderent,
1253 845 1290 880 ne

258 917 263 923 '
293 910 381 979 magis
406 926 421 962 e
443 925 472 961 re
495 908 599 976 publica
621 916 684 961 esset
706 910 884 978 interregnum
906 906 986 968 iniri,
1003 923 1083 974 quem
1107 909 1141 960 nb
1155 927 1191 962 ee
1214 912 1241 963 in
1257 907 1289 964 ια’

294 1002 366 1048 nutu
384 993 496 1060 relinqui
507 993 680 1062 prouinciam.
715 993 759 1046 Gi.
774 991 940 1061 Heusinger.
957 990 993 1043 nd
1008 989 1067 1046 Cic.
1087 991 1142 1044 Off.
1156 993 1183 1058 1,
1197 994 1222 1048 9.

235 1097 237 1103 ’
338 1097 430 1150 Pleut.
442 1096 520 1163 (lupt-
535 1095 561 1160 1,
575 1093 602 1160 2,
618 1093 661 1150 24.
680 1098 780 1154 msam.
801 1115 839 1162 ‚ne
857 1097 933 1148 noete
945 1095 996 1147 leue
1013 1094 1146 1163 quippiam
1162 1099 1286 1151 turtune-

240 1223 243 1233 .
292 1181 355 1235 rint.
389 1181 452 1234 Aul.
471 1182 545 1234 Prol.
563 1181 606 1234 39.
622 1185 717 1246 ποια,
739 1199 833 1235 uorum
846 1181 973 1250 inspicere
987 1181 1056 1242 uolt,
1081 1197 1114 1232 ne
1138 1190 1286 1251 surreptum

291 1267 347 1319 ciet.
381 1268 467 1318 Verre
484 1265 518 1318 de
538 1267 582 1318 Re
596 1284 619 1318 r.
634 1265 661 1332 2,
676 1267 703 1332 9,
717 1266 760 1320 lli.
785 1285 864 1337 quum
887 1256 1092 1332 circumspiceret
1116 1267 1232 1333 Atticm,
1250 1285 1286 1320 ne

251 1368 256 1380 ⁸
291 1353 354 1419 qnid
365 1351 527 1420 praeterisset
540 1357 606 1404 ete..
688 1373 690 1380 ·
957 1417 959 1422 y

337 1451 394 1505 cn.
417 1439 452 1506 at
471 1451 713 1518 uam.14‚1e,4.
738 1469 783 1523 ...ι
802 1431 899 1513 naue,
925 1451 988 1519 queo
1007 1452 1077 1503 ιιι..
1095 1450 1204 1518 suan
1232 1451 1284 1504 ae.

290 1533 492 1606 lensensium,
508 1547 594 1602 etue,
612 1555 690 1608 quum
705 1539 792 1590 uelitis
811 1536 896 1599 erile,
918 1553 969 1586 non
992 1537 1076 1588 licent.
1110 1536 1146 1590 ad
1165 1535 1283 1602 11112,

290 1621 335 1674 18.
359 1623 407 1674 tili
428 1625 463 1676 od
486 1641 526 1675 me
547 1623 634 1676 uenire
648 1629 678 1680 nt
693 1623 821 1686 ostendis,
845 1621 919 1685 uide,
937 1635 971 1671 ne
992 1637 1047 1670 non
1068 1620 1102 1672 sit
1114 1621 1218 1686 focile:
1242 1627 1282 1674 ese

290 1707 357 1758 enirn
370 1708 478 1776 lengum
491 1709 547 1760 iter.
581 1706 696 1759 Paullus
709 1707 737 1758 in
752 1702 999 1773 nigrescente,
1019 1703 1045 1756 1.
1072 1707 1118 1757 sed
1134 1706 1280 1769 uideamus,

291 1809 323 1843 ne
339 1809 391 1842 non
406 1792 475 1844 idem
488 1793 530 1845 ltin
544 1793 596 1856 sit,
616 1793 661 1844 sed
682 1792 771 1860 nagia
792 1791 877 1854 iden,
893 1791 961 1858 preod
984 1790 1011 1841 tn
1033 1791 1082 1841 illu
1102 1789 1282 1859 stipulatione,

292 1877 390 1928 Titium
403 1877 574 1946 heredemque
588 1877 642 1930 eius
657 1884 744 1930 rutum
758 1875 919 1928 doliturum.

304 2015 336 2076 2.
364 2013 425 2076 Hic
450 2013 569 2076 modus
593 2009 795 2077 transfertur
819 2009 858 2074 ad
887 2010 985 2074 verba
1008 2009 1198 2087 nesciendi,
1220 2007 1280 2074 ubi

220 2119 283 2171 nos
311 2100 470 2164 Germani
499 2099 642 2164 dicimus
666 2095 718 2160 ob.
767 2096 816 2162 De
849 2119 892 2160 ne
924 2107 1000 2183 post
1021 2096 1118 2160 leand
1147 2095 1218 2159 scio
1244 2105 1279 2158 et

220 2183 333 2248 nescio
352 2185 416 2248 iam
435 2185 534 2250 Tem.
557 2191 587 2250 1.
611 2205 644 2271 p.
661 2189 736 2248 313.
758 2182 962 2246 dictumest.
1097 2173 1101 2198 '

321 2304 413 2358 Plaut.
429 2305 528 2358 Pseud.
545 2299 571 2369 1,
587 2305 612 2368 2,
631 2303 674 2356 71.
694 2302 774 2354 nimis
786 2319 844 2354 sun¹
857 2303 956 2368 stultus,
974 2301 1083 2354 nimium
1092 2299 1139 2369 fui
1153 2299 1278 2365 indoctus,

285 2407 318 2443 ne
328 2385 377 2458 ¹illi
386 2392 507 2442 audeant
518 2391 547 2442 id
559 2395 659 2458 secere.

183 2607 186 2613 ἱ
302 2525 358 2590 lV.
386 2527 562 2611 Superest,
584 2535 621 2586 ut
644 2516 685 2588 de
714 2536 851 2588 externa
874 2523 988 2588 forma
1010 2521 1191 2610 particulae
1211 2526 1276 2603 cuc-¹

218 2631 396 2697 ponamus.
448 2611 557 2696 Sosip.
580 2609 746 2674 Charisius
774 2633 808 2696 p.
834 2615 909 2674 202.
931 2634 982 2676 ne
1007 2621 1108 2674 ueruto
1123 2618 1277 2672 'ueeereln

218 2697 451 2782 imperativo,
473 2707 511 2760 nt
536 2719 586 2770 ne
599 2692 693 2783 fae.
734 2689 996 2777 Quotiens'oero
1009 2693 1115 2802 geori
1131 2687 1274 2758 o'eeentu

137 2789 144 2800 '
186 2842 189 2850 ,
215 2805 288 2874 pro¹
306 2805 364 2861 eo,
392 2780 483 2868 qnod
513 2781 689 2866 est'opnd
724 2782 875 2858 Groeeos
908 2784 961 2846 ine
991 2781 1050 2864 pn,
1092 2778 1300 2864 adripitur„

217 2893 237 2935 o
263 2869 373 2932 totino
393 2867 534 2954 recipit,
557 2877 596 2930 ut
613 2865 709 2953 opud
722 2865 908 2932 Horatium
922 2891 971 2931 ne
980 2859 1144 2953 focius
1162 2863 1276 2950 qnod

160 2979 162 2995 ³
266 2953 444 3018 midine.
488 2949 754 3038 Nonnumquam
770 2945 902 3022 orclem.
928 2951 1066 3016 etiamsi
1090 2961 1191 3014 uetito
1210 2973 1274 3013 oo-

217 3051 316 3104 oentu
340 3039 523 3129 inseretur,
554 3041 712 3124 optativo
736 3062 862 3126 qnoque
891 3035 1033 3124 recipit,
1071 3048 1108 3098 nt
1131 3057 1182 3100 ne
1186 3034 1273 3183 fo-

217 3125 332 3202 eios,
363 3149 413 3198 ne
439 3124 630 3188 scribas.-
658 3124 720 3190 sed
744 3126 884 3188 interest
908 3123 999 3187 inter
1025 3123 1088 3186 looc
1116 3131 1149 3185 et
1172 3119 1272 3194 ilud,

206 3207 482 3299 1ῳιοιίιίἱιιιιιιιιι,
503 3231 553 3274 ne
567 3205 599 3296 f
600 3233 668 3282 oo,
691 3209 780 3296 qrrod
791 3211 857 3274 -luoe
872 3210 1094 3294 imperamus,
1115 3205 1274 3292 superins

215 3297 410 3362 strodemns.
459 3295 584 3360 Eadem
605 3296 783 3360 Diomedes
812 3320 843 3383 p.
860 3299 935 3360 388.
986 3293 1038 3356 Ex
1066 3291 1117 3356 his
1141 3291 1273 3378 colligi·-

165 3443 168 3450 ,,
216 3405 310 3458 mus,
334 3384 509 3468 loquentes
530 3381 715 3468 negationis
741 3383 807 3445 vim
833 3381 884 3444 rel
905 3381 1065 3444 maiorem
1090 3376 1141 3440 vel
1157 3377 1272 3458 mino-

215 3491 287 3539 rem
306 3478 490 3549 aceentnet
512 3469 602 3532 vocis
618 3467 801 3530 intentione
817 3467 1014 3554 designasse.
1060 3463 1194 3550 Syllaba
1216 3473 1271 3524 ta-

214 3577 294 3631 men
310 3576 443 3638 semper
462 3553 739 3639 pronuntiabatur
761 3553 872 3640 longa.
917 3548 1074 3614 Enelitiea
1100 3569 1176 3628 vero
1200 3557 1271 3611 tam

214 3639 321 3712 brevis
347 3651 432 3710 erat,
456 3649 491 3700 ut
516 3639 598 3704 adeo
623 3641 793 3710 omitteret
816 3638 983 3712 vocalem,
1007 3657 1075 3698 nen
1097 3633 1202 3702 modo
1229 3631 1271 3696 ad

203 3723 402 3802 'tollendum
425 3725 570 3804 histum,
594 3724 730 3821 siquod
754 3745 876 3788 nomen
901 3732 1097 3808 sequeretur
1122 3744 1139 3784 a
1163 3719 1271 3782 vocali

214 3811 395 3896 incipiens,
425 3811 483 3873 sed
513 3811 613 3890 *etiam
638 3821 713 3887 ante
745 3821 994 3873 consonantem.
1053 3804 1270 3872 Grammatiei

168 3949 169 3952 ,
215 3909 341 3962 veteres
362 3895 566 3974 docuerunt,
589 3897 713 3982 apponi
739 3895 859 3960 debere
882 3893 1140 3982 apostrophum.
1183 3891 1269 3954 Dio.

140 4058 142 4067 ¹
215 3981 326 4048 medes
358 4005 392 4065 p.
411 3987 484 4061 430.
525 3981 709 4046 Priscianus
742 4005 775 4068 p.
801 3986 895 4046 1287.
935 3981 1082 4057 Donatus
1112 4001 1145 4064 p.
1174 3979 1268 4042 1742.

213 4069 305 4136 Max.
322 4069 447 4132 Victor.
470 4091 503 4154 p.
522 4069 615 4142 1944.
658 4066 727 4130 Nee
751 4077 865 4130 tamen
888 4075 1130 4152 exposuerunt,
1153 4073 1268 4138 utrum

215 4179 251 4220 ea
267 4164 393 4221 tautum
411 4163 486 4218 ante
509 4161 769 4238 consonantem,
790 4176 833 4218 an
848 4153 968 4240 ubique
992 4160 1075 4216 esset
1099 4147 1266 4236 ponenda.
1371 4219 1391 4264 ἱ
1425 4207 1426 4236 ,

1020 4323 1023 4330 ·
1097 4305 1104 4335 l
