2860 4756
234 354 276 418 aa
485 331 488 338 “
654 351 724 418 aa.
751 351 866 418 ‚aaa

261 595 265 610 ι
342 521 420 576 cont.
435 522 518 577 Porci
529 523 595 576 Lex.
611 521 679 576 crit.
697 542 724 592 p.
739 520 798 574 vro.
832 519 999 588 Heusinger.
1020 517 1178 577 adelade
1196 519 1251 600 011.
1266 517 1293 584 2,

306 604 358 670 2⁰,
376 607 419 658 16.
447 601 589 679 Spaldiug'.
605 607 640 662 ed
656 605 816 676 Quintilli,
833 605 867 672 3,
883 603 927 658 26.

234 754 244 760 -
326 713 355 770 1.
392 709 596 797 Significatio
620 708 796 798 particulae
819 730 862 772 ne
894 717 943 773 est
964 707 1175 794 gravissimae
1199 703 1294 770 affir-

216 857 220 864 ,
239 793 414 874 metionis,
438 807 473 862 ut
491 797 706 884 intelligamus
724 815 761 856 re
777 816 868 872 uera,
880 793 1049 879 projecto,
1073 805 1173 858 certa.
1209 792 1295 856 Na'm

179 885 184 894 '
240 879 332 963 quod
355 881 506 948 Donatus
530 894 561 947 et
585 883 623 946 ed
641 879 774 954 'serent
797 881 885 942 Prol.
909 880 1011 942 Andr.
1031 883 1081 943 17.
1102 888 1135 944 et
1152 877 1192 943 ad
1215 884 1243 952 1,
1262 881 1294 940 2.

239 965 293 1028 24.
327 965 458 1048 docuit,
481 965 656 1056 significari
688 963 806 1042 ualde,
836 965 958 1040 nimia,
989 965 1152 1038 multum,
1180 962 1296 1050 plurri-

240 1071 356 1133 mum,
378 1053 504 1119 factum
520 1053 645 1117 videtur
667 1073 725 1128 eo,
752 1049 844 1136 quod
869 1051 985 1115 Graeci
1009 1051 1089 1132 ιἰιιίχι
1109 1051 1152 1114 ita
1171 1069 1297 1136 posuc-

240 1148 338 1220 ruut,
351 1147 397 1202 'ut
412 1140 505 1204 facile
524 1141 636 1225 posset
655 1160 719 1220 pro
745 1135 845 1214 valde
867 1137 989 1224 accipi:
1020 1138 1120 1202 veluti
1138 1134 1295 1199 Callime-

242 1220 323 1287 chus
350 1225 384 1288 in
409 1226 536 1309 Fragm.
559 1228 609 1287 30.
661 1226 819 1303 Λυσανίη,
842 1219 879 1286 σύ
906 1246 938 1306 γε
961 1224 1040 1304 cclxv
1062 1219 1169 1299 καλὸς,
1194 1215 1295 1295 καλός.
1380 1244 1385 1252 ’

154 1382 160 1396 ⁶
241 1305 425 1373 Affirmatio
444 1306 551 1374 autem
571 1309 713 1394 pertinet
733 1308 772 1372 ad
791 1331 882 1376 rem,
908 1330 991 1393 quae
1009 1308 1046 1370 fit
1070 1309 1121 1372 vel
1137 1307 1222 1370 facta
1248 1314 1297 1370 est

242 1394 293 1457 vel
310 1393 421 1459 futura
441 1406 506 1459 eat:
529 1395 587 1458 ubi
611 1395 803 1458 indicativus
829 1395 993 1480 sequitur:
1020 1394 1086 1457 Cic.
1105 1393 1153 1458 ‚de
1180 1392 1246 1456 Off.
1265 1397 1306 1466 2,.

240 1483 293 1555 20,
309 1481 361 1543 75.
382 1504 424 1544 ne
441 1481 495 1544 illi
517 1479 627 1544 multa
651 1480 791 1544 saecula
810 1478 1041 1564 exspectanda
1051 1478 1214 1568 suerunt:
1240 1487 1296 1540 aut

241 1562 372 1628 edditur
393 1567 477 1630 votis
502 1566 553 1630 vel
577 1567 788 1631 coniecturis:
827 1565 883 1629 ubi
903 1565 1104 1628 coniunctivi
1121 1565 1213 1628 locus
1236 1573 1297 1626 cst.
1362 1631 1367 1644 ¹
1411 1617 1417 1623 .

242 1649 307 1714 Cic.
318 1649 410 1716 Brut.
420 1658 472 1723 71,
486 1655 560 1716 249.
576 1663 620 1718 'ne
630 1676 694 1738 ego
711 1689 749 1702 -
768 1651 867 1715 velim
880 1648 944 1714 tibi
959 1650 1296 1736 camplaccrequam

191 1801 195 1812 2
240 1735 398 1802 maxime.
444 1737 559 1803 Senec.
588 1739 628 1803 de
652 1735 766 1802 Benel.
786 1743 816 1813 1,
832 1736 882 1812 14,
899 1739 931 1800 5.
975 1757 1059 1800 aare
1074 1735 1105 1798 ei
1120 1735 1194 1822 qvaic
1220 1735 1297 1798 exis

239 1819 360 1886 stimat
377 1846 457 1903 nos,
481 1846 582 1922 quum
602 1824 672 1888 ista
686 1821 940 1909 praecipimus,
954 1759 1186 1908 l-eaignitatie
1201 1816 1296 1908 fiaee

240 1904 407 2056 iatropsuc
430 1908 559 1998 referre
575 1935 636 1973 -.·
661 1931 704 1973 ne
723 1929 913 1994 perperam
931 1907 1137 1974 monitiones
1159 1917 1297 1972 nostras

239 2013 325 2055 exau
352 2006 417 2058 iat.

342 2113 429 2168 Brevi
443 2114 472 2168 iu
487 2107 610 2168 sermone
618 2114 711 2168 Pleut.
719 2113 790 2166 Rau
802 2111 829 2178 4,
838 2112 864 2180 3,
872 2112 915 2167 38.
934 2131 967 2166 ue
976 2113 1143 2182 impudenter
1151 2112 1296 2182 impudens.

342 2217 385 2270 Do
404 2236 455 2272 ιιιιι
478 2217 631 2286 particulae
652 2218 681 2271 in
695 2219 841 2294 ¹futurare
856 2215 1024 2286 designando
1048 2213 1170 2268 dubitari
1191 2221 1296 2282 potest:

309 2299 358 2352 aed
375 2299 437 2355 Liv.
451 2301 502 2368 34,
518 2301 550 2369 5,
568 2303 611 2356 16.
636 2321 668 2356 aa
689 2295 767 2356 eiurat
786 2303 903 2373 pudere,
921 2281 988 2370 qao'd
1008 2319 1059 2354 aaa
1077 2307 1191 2369 oportet,
1210 2319 1297 2370 coepe-

304 2385 357 2438 rit:
378 2389 446 2456 qaod
463 2395 576 2460 oportet,
594 2407 647 2440 aaa
663 2389 777 2457 pudebit.
810 2386 881 2440 Nem
898 2386 969 2454 quod
985 2385 1045 2460 duo·
1060 2385 1128 2437 libri
1151 2403 1204 2438 non
1225 2383 1298 2454 opti-

275 2527 280 2550 (
306 2468 346 2521 mi
369 2470 496 2526 omittunt
517 2473 699 2540 perticulam,
722 2469 801 2537 parvi
823 2475 865 2522 est
885 2469 1023 2524 momenti.
1065 2469 1157 2524 Plaut.
1172 2469 1247 2524 Asin.
1269 2469 1296 2535 5,

286 2561 290 2568 '
306 2553 393 2620 alu.
410 2574 442 2608 ue
456 2557 530 2608 illum
545 2566 643 2610 ecastor
657 2559 777 2609 mnarum
796 2555 900 2607 tutelo.

343 2657 404 2710 val.
418 2659 511 2711 Flecc.
524 2658 560 2724 8,
579 2658 639 2712 luo.
664 2677 695 2712 ne
709 2641 815 2710 sacuam
827 2665 934 2726 passure
951 2655 1030 2715 diam.
1065 2656 1113 2709 ubi
1136 2657 1227 2712 critici
1247 2660 1298 2714 lieu

309 2741 486 2828 scripserunt.
526 2745 672 2797 Estvero:
698 2747 744 2806 tu,
769 2739 856 2810 quiin
873 2752 1001 2806 ecerat,
1024 2746 1054 2794 ut
1072 2758 1186 2795 saevum
1201 2743 1298 2798 mortis

309 2827 383 2880 diem
398 2825 545 2896 patereris:
574 2825 655 2880 sicuti
680 2826 785 2878 Statius
808 2825 877 2878 Silv.
901 2824 1042 2891 1,3,61.
1065 2825 1152 2890 diuite
1173 2846 1223 2898 que
1243 2827 1298 2883 nole
1365 2833 1369 2848 ¹
1423 2799 1424 2833 l

308 2915 354 2966 eal
369 2915 472 2966 domino
485 2930 576 2966 suaves
592 2929 704 2980 passura
718 2913 844 2980 dipevmee.

270 3015 271 3019 ’
340 3016 382 3070 Ne
407 3033 490 3084 quum
519 3014 547 3067 in
571 3013 708 3068 codicibus
732 3030 823 3080 saepo
846 3019 1043 3068 commutatum
1069 3022 1141 3070 esset
1171 3035 1234 3072 cum
1255 2984 1300 3086 ac,¹

309 3100 382 3166 quod
401 3106 442 3165 est
460 3117 507 3152 aec
531 3100 578 3152 vcl
599 3118 681 3164 cunc,
708 3098 811 3152 criticis
834 3096 903 3152 illud
927 3100 1022 3155 multis
1047 3101 1077 3154 iu
1100 3101 1169 3156 locis
1189 3095 1300 3180 Eesfiliul

309 3185 428 3255 placuit,
448 3184 536 3238 veluti
548 3183 667 3245 ,Heinsio
685 3183 714 3238 iu
726 3183 853 3251 Propert.
870 3183 904 3250 1,
917 3182 951 3250 9,
968 3185 1010 3240 15.
1035 3186 1256 3244 Miteoherlichie
1269 3191 1299 3246 iu
1390 3205 1401 3226 ⁸
1422 3147 1423 3162 l

310 3269 437 3339 Propert.
452 3270 485 3336 2,
504 3269 597 3354 5215.

285 3455 292 3470 .
326 3377 358 3438 2.
382 3373 618 3453 Quaerendum
634 3384 704 3438 erut
718 3347 1045 3461 giammaticis‚.num
1055 3374 1159 3439 Latini
1171 3399 1214 3441 ae
1230 3400 1298 3464 po-

158 3499 159 3502 =
243 3469 384 3524 suissent
400 3460 496 3543 etiam
514 3460 550 3523 in
566 3465 758 3526 evocatione
774 3469 830 3524 aut
853 3459 888 3522 in
906 3459 964 3534 iis,
989 3474 1071 3545 quae
1093 3461 1298 3530 iuberentur-

245 3543 361 3609 Greeci
379 3547 468 3608 enirn
491 3545 524 3608 id
542 3544 703 3612 feceruut.
749 3547 802 3610 Sic
825 3543 905 3608 Eur.
923 3543 1032 3610 Orest.
1054 3548 1126 3611 147.
1148 3547 1298 3616 aule-time

242 3625 366 3733 κιξιιιγε,
393 3626 515 3732 paroye.
571 3631 627 3698 ubi
652 3631 811 3700 Matthiae
841 3631 896 3705 id,
927 3631 1016 3716 quod
1046 3636 1224 3720 scripserat
1248 3639 1301 3702 val
1413 3661 1416 3668 ·

243 3737 341 3780 cvra·
362 3740 486 3800 καταγε,
509 3717 579 3803 ipae
596 3729 712 3806 postea
732 3718 855 3784 reiecit.
900 3716 1019 3787 Alcest.
1041 3723 1135 3785 1129.
1157 3723 1209 3786 acl
1224 3725 1303 3799 σῶζέ

243 3811 314 3867 aaa.
340 3801 533 3869 Callimach.
554 3803 595 3868 Η.
611 3805 645 3868 in
663 3805 809 3868 Garrod.
832 3802 884 3866 val
900 3803 951 3866 vul
964 3803 1066 3887 ,τεύχει
1084 3807 1181 3889 tuaac.
1212 3809 1301 3879 Hoc

244 3907 323 3952 vero
348 3887 490 3953 alienum
516 3889 555 3954 ab
578 3912 640 3954 usu
664 3891 860 3959 Latinorum
879 3886 1152 3974 fuisee‘videtum
1177 3915 1299 3981 quem-

244 3993 348 4058 quem·
363 3973 555 4049 decomicie
570 3975 679 4064 poetis
695 3975 845 4042 dubitare
862 3973 949 4038 licet.
1026 4023 1028 4030 .

240 4143 242 4153 a
356 4081 448 4149 Pleut.
468 4095 552 4148 Meet.
570 4093 711 4160 e‚1‚'ae.
735 4114 768 4150 aa
784 4095 884 4159 lacte,
903 4112 936 4148 aa
956 4102 986 4148 tu
1001 4080 1049 4148 ull
1069 4096 1155 4150 mode.
1189 4097 1225 4154 de'¹
1246 4117 1299 4168 quo

313 4177 375 4232 leco
397 4179 454 4232 dixi
474 4176 600 4268 'Taurea
626 4197 651 4249 p.
666 4177 726 4233 616.
760 4178 816 4232 Sed
840 4179 921 4258 vide,
947 4193 982 4234 en
1003 4171 1079 4270 recte
1098 4181 1301 4276 coniungantur
