<?xml version="1.0" encoding="UTF-8"?>
<!DOCTYPE html PUBLIC "-//W3C//DTD XHTML 1.0 Transitional//EN"
    "http://www.w3.org/TR/xhtml1/DTD/xhtml1-transitional.dtd">
<html xmlns="http://www.w3.org/1999/xhtml" xml:lang="en" lang="en">
 <head>
  <title>
</title>
<meta http-equiv="Content-Type" content="text/html;charset=utf-8" />
  <meta name='ocr-system' content='tesseract 3.04.00' />
  <meta name='ocr-capabilities' content='ocr_page ocr_carea ocr_par ocr_line ocrx_word'/>
</head>
<body>
  <div class='ocr_page' id='page_1' title='image "./ferdinandihandi02torsgoog_0035.png"; bbox 0 0 2860 4756; ppageno 0'>
   <div class='ocr_carea' id='block_1_1' title="bbox 477 305 1165 448">
    <p class='ocr_par' dir='ltr' id='par_1_1' title="bbox 477 305 1165 448">
     <span class='ocr_line' id='line_1_1' title="bbox 477 305 1165 448; baseline 0 -32"><span class='ocrx_word' id='word_1_1' title='bbox 477 327 667 416; x_wconf 45' lang='lat' dir='ltr'>*nn</span> <span class='ocrx_word' id='word_1_2' title='bbox 758 361 828 448; x_wconf 6' lang='lat' dir='ltr'>·p</span> <span class='ocrx_word' id='word_1_3' title='bbox 933 305 975 354; x_wconf 59' lang='lat'>&#39;⁸</span> <span class='ocrx_word' id='word_1_4' title='bbox 1067 310 1165 440; x_wconf 27' lang='lat' dir='ltr'>,co</span> 
     </span>
    </p>
   </div>
   <div class='ocr_carea' id='block_1_2' title="bbox 24 517 1260 1562">
    <p class='ocr_par' dir='ltr' id='par_1_2' title="bbox 24 517 1260 1562">
     <span class='ocr_line' id='line_1_2' title="bbox 106 517 1162 606; baseline -0.003 -18"><span class='ocrx_word' id='word_1_5' title='bbox 106 524 154 588; x_wconf 87' lang='lat' dir='ltr'>nis</span> <span class='ocrx_word' id='word_1_6' title='bbox 206 531 294 585; x_wconf 87' lang='lat' dir='ltr'>artes</span> <span class='ocrx_word' id='word_1_7' title='bbox 319 519 455 591; x_wconf 89' lang='lat' dir='ltr'>obtinet.</span> <span class='ocrx_word' id='word_1_8' title='bbox 509 518 627 606; x_wconf 82' lang='lat' dir='ltr'>Neque</span> <span class='ocrx_word' id='word_1_9' title='bbox 647 529 715 584; x_wconf 86' lang='lat' dir='ltr'>tam</span> <span class='ocrx_word' id='word_1_10' title='bbox 739 517 878 583; x_wconf 83' lang='lat' dir='ltr'>absurda</span> <span class='ocrx_word' id='word_1_11' title='bbox 912 530 978 602; x_wconf 85' lang='lat' dir='ltr'>cst,</span> <span class='ocrx_word' id='word_1_12' title='bbox 1014 521 1061 585; x_wconf 89' lang='lat' dir='ltr'>uti</span> <span class='ocrx_word' id='word_1_13' title='bbox 1092 521 1162 588; x_wconf 83' lang='lat' dir='ltr'>aliis</span> 
     </span>
     <span class='ocr_line' id='line_1_3' title="bbox 108 543 1161 692; baseline -0.002 -19"><span class='ocrx_word' id='word_1_14' title='bbox 108 543 293 686; x_wconf 69' lang='lat' dir='ltr'>videbatur,</span> <span class='ocrx_word' id='word_1_15' title='bbox 319 627 434 685; x_wconf 81' lang='lat' dir='ltr'>eorum</span> <span class='ocrx_word' id='word_1_16' title='bbox 452 605 588 688; x_wconf 88' lang='lat' dir='ltr'>opinio,</span> <span class='ocrx_word' id='word_1_17' title='bbox 614 607 688 692; x_wconf 89' lang='lat' dir='ltr'>qui,</span> <span class='ocrx_word' id='word_1_18' title='bbox 714 605 769 675; x_wconf 73' lang='lat' dir='ltr'>ubi</span> <span class='ocrx_word' id='word_1_19' title='bbox 784 628 826 670; x_wconf 85' lang='lat' dir='ltr'>ne</span> <span class='ocrx_word' id='word_1_20' title='bbox 851 625 927 670; x_wconf 86' lang='lat' dir='ltr'>eum</span> <span class='ocrx_word' id='word_1_21' title='bbox 947 607 1161 686; x_wconf 86' lang='lat' dir='ltr'>coniunctivo</span> 
     </span>
     <span class='ocr_line' id='line_1_4' title="bbox 107 691 1161 780; baseline 0.004 -24"><span class='ocrx_word' id='word_1_22' title='bbox 107 704 308 780; x_wconf 77' lang='lat' dir='ltr'>poneretur,</span> <span class='ocrx_word' id='word_1_23' title='bbox 341 693 539 779; x_wconf 80' lang='lat' dir='ltr'>cogitatione</span> <span class='ocrx_word' id='word_1_24' title='bbox 565 691 788 778; x_wconf 88' lang='lat' dir='ltr'>supplendum</span> <span class='ocrx_word' id='word_1_25' title='bbox 821 709 890 755; x_wconf 84' lang='lat' dir='ltr'>esse</span> <span class='ocrx_word' id='word_1_26' title='bbox 927 705 965 756; x_wconf 84' lang='lat' dir='ltr'>ut</span> <span class='ocrx_word' id='word_1_27' title='bbox 995 693 1161 760; x_wconf 86' lang='lat' dir='ltr'>dixerunt.</span> 
     </span>
     <span class='ocr_line' id='line_1_5' title="bbox 110 775 1260 864; baseline -0.002 -20"><span class='ocrx_word' id='word_1_28' title='bbox 110 781 187 844; x_wconf 88' lang='lat' dir='ltr'>Vide</span> <span class='ocrx_word' id='word_1_29' title='bbox 211 777 440 844; x_wconf 84' lang='lat' dir='ltr'>Bauerumad</span> <span class='ocrx_word' id='word_1_30' title='bbox 458 778 685 857; x_wconf 72' lang='lat' dir='ltr'>Sanetii‘ltlin.</span> <span class='ocrx_word' id='word_1_31' title='bbox 707 777 738 840; x_wconf 85' lang='lat' dir='ltr'>T</span> <span class='ocrx_word' id='word_1_32' title='bbox 740 779 808 842; x_wconf 63' lang='lat' dir='ltr'>omi</span> <span class='ocrx_word' id='word_1_33' title='bbox 823 775 865 840; x_wconf 86' lang='lat' dir='ltr'>il.</span> <span class='ocrx_word' id='word_1_34' title='bbox 887 801 919 864; x_wconf 92' lang='lat' dir='ltr'>p.</span> <span class='ocrx_word' id='word_1_35' title='bbox 935 779 1009 844; x_wconf 80' lang='lat'><strong>346.</strong></span> <span class='ocrx_word' id='word_1_36' title='bbox 1054 781 1162 864; x_wconf 81' lang='lat' dir='ltr'>Wag&#39;·</span> <span class='ocrx_word' id='word_1_37' title='bbox 1252 845 1260 854; x_wconf 63' lang='lat'>‚</span> 
     </span>
     <span class='ocr_line' id='line_1_6' title="bbox 108 863 1258 952; baseline 0.003 -23"><span class='ocrx_word' id='word_1_38' title='bbox 108 887 224 930; x_wconf 86' lang='lat' dir='ltr'>uerum</span> <span class='ocrx_word' id='word_1_39' title='bbox 250 866 284 928; x_wconf 90' lang='lat' dir='ltr'>in</span> <span class='ocrx_word' id='word_1_40' title='bbox 313 863 466 928; x_wconf 88' lang='lat' dir='ltr'>Seebodii</span> <span class='ocrx_word' id='word_1_41' title='bbox 490 863 587 927; x_wconf 89' lang='lat' dir='ltr'>Novo</span> <span class='ocrx_word' id='word_1_42' title='bbox 611 865 820 950; x_wconf 86' lang='lat' dir='ltr'>Promptuar.</span> <span class='ocrx_word' id='word_1_43' title='bbox 842 865 1031 929; x_wconf 73' lang='lat' dir='ltr'>a.18·28.t.</span> <span class='ocrx_word' id='word_1_44' title='bbox 1055 888 1090 952; x_wconf 85' lang='lat' dir='ltr'>p.</span> <span class='ocrx_word' id='word_1_45' title='bbox 1107 871 1161 930; x_wconf 68' lang='grc' dir='ltr'>Ἠ.</span> <span class='ocrx_word' id='word_1_46' title='bbox 1255 921 1258 932; x_wconf 78' lang='grc'>,</span> 
     </span>
     <span class='ocr_line' id='line_1_7' title="bbox 111 949 1162 1037; baseline 0.001 -22"><span class='ocrx_word' id='word_1_47' title='bbox 111 952 190 1016; x_wconf 86' lang='lat' dir='ltr'>Nam</span> <span class='ocrx_word' id='word_1_48' title='bbox 220 949 373 1037; x_wconf 90' lang='lat' dir='ltr'>negatio,</span> <span class='ocrx_word' id='word_1_49' title='bbox 412 973 496 1036; x_wconf 89' lang='lat' dir='ltr'>quae</span> <span class='ocrx_word' id='word_1_50' title='bbox 527 950 752 1028; x_wconf 86' lang='lat' dir='ltr'>conditionem</span> <span class='ocrx_word' id='word_1_51' title='bbox 781 969 894 1013; x_wconf 89' lang='lat' dir='ltr'>rerum</span> <span class='ocrx_word' id='word_1_52' title='bbox 933 950 982 1014; x_wconf 86' lang='lat' dir='ltr'>vel</span> <span class='ocrx_word' id='word_1_53' title='bbox 1016 949 1162 1016; x_wconf 83' lang='lat' dir='ltr'>formam</span> 
     </span>
     <span class='ocr_line' id='line_1_8' title="bbox 111 1035 1168 1124; baseline 0 -24"><span class='ocrx_word' id='word_1_54' title='bbox 111 1035 351 1100; x_wconf 71' lang='lat' dir='ltr'>enuntiationis</span> <span class='ocrx_word' id='word_1_55' title='bbox 365 1035 517 1124; x_wconf 81' lang='lat' dir='ltr'>designat</span> <span class='ocrx_word' id='word_1_56' title='bbox 529 1047 562 1098; x_wconf 91' lang='lat' dir='ltr'>et</span> <span class='ocrx_word' id='word_1_57' title='bbox 580 1035 623 1098; x_wconf 89' lang='lat' dir='ltr'>ob</span> <span class='ocrx_word' id='word_1_58' title='bbox 640 1037 725 1100; x_wconf 87' lang='lat' dir='ltr'>hane</span> <span class='ocrx_word' id='word_1_59' title='bbox 750 1057 896 1099; x_wconf 87' lang='lat' dir='ltr'>caussam</span> <span class='ocrx_word' id='word_1_60' title='bbox 917 1036 1077 1102; x_wconf 80' lang='lat' dir='ltr'>adverbiis</span> <span class='ocrx_word' id='word_1_61' title='bbox 1101 1037 1168 1101; x_wconf 64' lang='lat' dir='ltr'>ad-‘</span> 
     </span>
     <span class='ocr_line' id='line_1_9' title="bbox 109 1121 1170 1203; baseline 0.002 -18"><span class='ocrx_word' id='word_1_62' title='bbox 109 1133 319 1195; x_wconf 80' lang='lat' dir='ltr'>numeratur,</span> <span class='ocrx_word' id='word_1_63' title='bbox 352 1123 385 1185; x_wconf 91' lang='lat' dir='ltr'>in</span> <span class='ocrx_word' id='word_1_64' title='bbox 409 1121 632 1186; x_wconf 89' lang='lat' dir='ltr'>continuanda</span> <span class='ocrx_word' id='word_1_65' title='bbox 655 1123 805 1186; x_wconf 90' lang='lat' dir='ltr'>oratione</span> <span class='ocrx_word' id='word_1_66' title='bbox 828 1121 930 1184; x_wconf 83' lang='lat' dir='ltr'>vicent</span> <span class='ocrx_word' id='word_1_67' title='bbox 956 1125 1170 1203; x_wconf 67' lang='lat' dir='ltr'>coniunctio·-¹</span> 
     </span>
     <span class='ocr_line' id='line_1_10' title="bbox 108 1201 1162 1298; baseline 0.002 -26"><span class='ocrx_word' id='word_1_68' title='bbox 108 1212 157 1272; x_wconf 87' lang='lat' dir='ltr'>nis&#39;</span> <span class='ocrx_word' id='word_1_69' title='bbox 174 1208 311 1293; x_wconf 84' lang='lat' dir='ltr'>impiet,</span> <span class='ocrx_word' id='word_1_70' title='bbox 334 1229 417 1292; x_wconf 89' lang='lat' dir='ltr'>quae</span> <span class='ocrx_word' id='word_1_71' title='bbox 434 1211 530 1272; x_wconf 84' lang='lat' dir='ltr'>etiam</span> <span class='ocrx_word' id='word_1_72' title='bbox 555 1209 589 1270; x_wconf 88' lang='lat' dir='ltr'>in</span> <span class='ocrx_word' id='word_1_73' title='bbox 607 1206 811 1271; x_wconf 86' lang='lat' dir='ltr'>affirmativis</span> <span class='ocrx_word' id='word_1_74' title='bbox 834 1201 1003 1272; x_wconf 81' lang='lat' dir='ltr'>sententiis</span> <span class='ocrx_word' id='word_1_75' title='bbox 1026 1212 1162 1298; x_wconf 89' lang='lat' dir='ltr'>suppri-</span> 
     </span>
     <span class='ocr_line' id='line_1_11' title="bbox 24 1291 1162 1384; baseline 0.004 -29"><span class='ocrx_word' id='word_1_76' title='bbox 24 1339 31 1355; x_wconf 86' lang='grc'>.-</span> <span class='ocrx_word' id='word_1_77' title='bbox 108 1295 290 1382; x_wconf 81' lang='lat' dir='ltr'>nri-potest.</span> <span class='ocrx_word' id='word_1_78' title='bbox 334 1295 450 1380; x_wconf 87' lang='lat' dir='ltr'>Neque</span> <span class='ocrx_word' id='word_1_79' title='bbox 470 1293 620 1359; x_wconf 83' lang='lat' dir='ltr'>aliter&#39;se</span> <span class='ocrx_word' id='word_1_80' title='bbox 648 1293 747 1358; x_wconf 85' lang='lat' dir='ltr'>habet</span> <span class='ocrx_word' id='word_1_81' title='bbox 770 1291 923 1380; x_wconf 82' lang='lat' dir='ltr'>graeo&#39;um</span> <span class='ocrx_word' id='word_1_82' title='bbox 945 1293 1004 1377; x_wconf 70' lang='grc' dir='ltr'>μὴ,</span> <span class='ocrx_word' id='word_1_83' title='bbox 1027 1295 1068 1360; x_wconf 91' lang='lat' dir='ltr'>de</span> <span class='ocrx_word' id='word_1_84' title='bbox 1093 1317 1162 1384; x_wconf 87' lang='lat' dir='ltr'>quo</span> 
     </span>
     <span class='ocr_line' id='line_1_12' title="bbox 109 1379 1161 1466; baseline 0.004 -23"><span class='ocrx_word' id='word_1_85' title='bbox 109 1381 219 1444; x_wconf 83' lang='lat' dir='ltr'>miror</span> <span class='ocrx_word' id='word_1_86' title='bbox 234 1379 461 1443; x_wconf 87' lang='lat' dir='ltr'>Hermannum</span> <span class='ocrx_word' id='word_1_87' title='bbox 488 1380 683 1442; x_wconf 89' lang='lat' dir='ltr'>sententiam</span> <span class='ocrx_word' id='word_1_88' title='bbox 706 1399 799 1442; x_wconf 87' lang='lat' dir='ltr'>suam</span> <span class='ocrx_word' id='word_1_89' title='bbox 821 1391 981 1460; x_wconf 78' lang='lat' dir='ltr'>mutasse,</span> <span class='ocrx_word' id='word_1_90' title='bbox 1005 1403 1108 1466; x_wconf 85' lang='lat' dir='ltr'>quum</span> <span class='ocrx_word' id='word_1_91' title='bbox 1127 1385 1161 1447; x_wconf 89' lang='lat' dir='ltr'>in</span> 
     </span>
     <span class='ocr_line' id='line_1_13' title="bbox 108 1461 1161 1562; baseline 0.002 -32"><span class='ocrx_word' id='word_1_92' title='bbox 108 1463 252 1553; x_wconf 86' lang='lat' dir='ltr'>Ephem.</span> <span class='ocrx_word' id='word_1_93' title='bbox 279 1465 431 1530; x_wconf 88' lang='lat' dir='ltr'>scholast.</span> <span class='ocrx_word' id='word_1_94' title='bbox 457 1489 483 1529; x_wconf 88' lang='lat' dir='ltr'>a.</span> <span class='ocrx_word' id='word_1_95' title='bbox 506 1468 602 1528; x_wconf 80' lang='lat'><strong>1828.</strong></span> <span class='ocrx_word' id='word_1_96' title='bbox 621 1461 765 1562; x_wconf 36' lang='lat' dir='ltr'>&#39;putati</span> <span class='ocrx_word' id='word_1_97' title='bbox 789 1466 963 1537; x_wconf 80' lang='lat' dir='ltr'>scriberet,</span> <span class='ocrx_word' id='word_1_98' title='bbox 985 1469 1161 1553; x_wconf 80' lang='lat' dir='ltr'>primitiva</span> 
     </span>
    </p>
   </div>
   <div class='ocr_carea' id='block_1_3' title="bbox 108 1548 1307 1633">
    <p class='ocr_par' dir='ltr' id='par_1_3' title="bbox 108 1548 1307 1633">
     <span class='ocr_line' id='line_1_14' title="bbox 108 1548 1307 1633; baseline 0.003 -17"><span class='ocrx_word' id='word_1_99' title='bbox 108 1562 225 1616; x_wconf 89' lang='lat' dir='ltr'>natura</span> <span class='ocrx_word' id='word_1_100' title='bbox 244 1552 394 1616; x_wconf 86' lang='lat' dir='ltr'>voculam</span> <span class='ocrx_word' id='word_1_101' title='bbox 411 1548 452 1633; x_wconf 74' lang='grc' dir='ltr'>μὴ</span> <span class='ocrx_word' id='word_1_102' title='bbox 468 1573 537 1614; x_wconf 88' lang='lat' dir='ltr'>esse</span> <span class='ocrx_word' id='word_1_103' title='bbox 554 1554 835 1631; x_wconf 76' lang='lat' dir='ltr'>coniunctionem,</span> <span class='ocrx_word' id='word_1_104' title='bbox 850 1552 907 1616; x_wconf 89' lang='lat' dir='ltr'>sed</span> <span class='ocrx_word' id='word_1_105' title='bbox 923 1551 1069 1618; x_wconf 83' lang='lat' dir='ltr'>adverbii</span> <span class='ocrx_word' id='word_1_106' title='bbox 1083 1554 1160 1620; x_wconf 89' lang='lat' dir='ltr'>loco</span> <span class='ocrx_word' id='word_1_107' title='bbox 1190 1612 1195 1628; x_wconf 77' lang='grc'><em>,</em></span> <span class='ocrx_word' id='word_1_108' title='bbox 1303 1581 1307 1588; x_wconf 15' lang='grc' dir='ltr'><strong><em>Κ</em></strong></span> 
     </span>
    </p>
   </div>
   <div class='ocr_carea' id='block_1_4' title="bbox 108 1637 1098 1726">
    <p class='ocr_par' dir='ltr' id='par_1_4' title="bbox 108 1637 1098 1726">
     <span class='ocr_line' id='line_1_15' title="bbox 108 1637 1098 1726; baseline -0.003 -25"><span class='ocrx_word' id='word_1_109' title='bbox 108 1639 259 1726; x_wconf 78' lang='lat' dir='ltr'>usurpari</span> <span class='ocrx_word' id='word_1_110' title='bbox 271 1638 312 1702; x_wconf 82' lang='lat' dir='ltr'>in</span> <span class='ocrx_word' id='word_1_111' title='bbox 329 1638 472 1724; x_wconf 82' lang='lat' dir='ltr'>graviori</span> <span class='ocrx_word' id='word_1_112' title='bbox 487 1637 671 1723; x_wconf 82' lang='lat' dir='ltr'>negatione.</span> <span class='ocrx_word' id='word_1_113' title='bbox 1015 1669 1036 1704; x_wconf 58' lang='lat' dir='ltr'>a,</span> <span class='ocrx_word' id='word_1_114' title='bbox 1093 1698 1098 1718; x_wconf 59' lang='grc'>,</span> 
     </span>
    </p>
   </div>
   <div class='ocr_carea' id='block_1_5' title="bbox 102 1813 1231 2324">
    <p class='ocr_par' dir='ltr' id='par_1_5' title="bbox 102 1813 1231 2324">
     <span class='ocr_line' id='line_1_16' title="bbox 102 1813 1163 1904; baseline 0.003 -26"><span class='ocrx_word' id='word_1_115' title='bbox 102 1865 106 1870; x_wconf 90' lang='grc'><strong>.</strong></span> <span class='ocrx_word' id='word_1_116' title='bbox 187 1815 215 1885; x_wconf 87' lang='lat' dir='ltr'>l.</span> <span class='ocrx_word' id='word_1_117' title='bbox 240 1821 279 1884; x_wconf 66' lang='lat' dir='ltr'>t.</span> <span class='ocrx_word' id='word_1_118' title='bbox 293 1813 537 1900; x_wconf 83' lang='lat' dir='ltr'>Antiquissimis</span> <span class='ocrx_word' id='word_1_119' title='bbox 553 1817 762 1900; x_wconf 83' lang='lat' dir='ltr'>temporibus</span> <span class='ocrx_word' id='word_1_120' title='bbox 779 1839 886 1904; x_wconf 89' lang='lat' dir='ltr'>quum</span> <span class='ocrx_word' id='word_1_121' title='bbox 902 1815 1090 1882; x_wconf 85' lang='lat' dir='ltr'>subtiliores</span> <span class='ocrx_word' id='word_1_122' title='bbox 1110 1816 1163 1882; x_wconf 88' lang='lat' dir='ltr'>di-</span> 
     </span>
     <span class='ocr_line' id='line_1_17' title="bbox 106 1900 1162 1990; baseline 0.004 -28"><span class='ocrx_word' id='word_1_123' title='bbox 106 1901 305 1966; x_wconf 88' lang='lat' dir='ltr'>stinctiones·</span> <span class='ocrx_word' id='word_1_124' title='bbox 320 1900 471 1964; x_wconf 82' lang='lat' dir='ltr'>nondum</span> <span class='ocrx_word' id='word_1_125' title='bbox 497 1913 604 1966; x_wconf 64' lang='lat' dir='ltr'>essent</span> <span class='ocrx_word' id='word_1_126' title='bbox 625 1903 791 1976; x_wconf 81' lang='lat' dir='ltr'>inventae,</span> <span class='ocrx_word' id='word_1_127' title='bbox 814 1903 1025 1990; x_wconf 86' lang='lat' dir='ltr'>negationem</span> <span class='ocrx_word' id='word_1_128' title='bbox 1049 1902 1162 1968; x_wconf 82' lang='lat' dir='ltr'>cuius-</span> 
     </span>
     <span class='ocr_line' id='line_1_18' title="bbox 105 1987 1160 2076; baseline 0.004 -26"><span class='ocrx_word' id='word_1_129' title='bbox 105 1988 152 2050; x_wconf 88' lang='lat' dir='ltr'>vis</span> <span class='ocrx_word' id='word_1_130' title='bbox 167 1987 297 2076; x_wconf 89' lang='lat' dir='ltr'>generis</span> <span class='ocrx_word' id='word_1_131' title='bbox 313 1987 421 2050; x_wconf 92' lang='lat' dir='ltr'>Latini</span> <span class='ocrx_word' id='word_1_132' title='bbox 440 1987 601 2055; x_wconf 77' lang='lat' dir='ltr'>vocabulo</span> <span class='ocrx_word' id='word_1_133' title='bbox 618 2011 661 2055; x_wconf 82' lang='lat' dir='ltr'>ne</span> <span class='ocrx_word' id='word_1_134' title='bbox 676 1999 918 2070; x_wconf 78' lang='lat' dir='ltr'>expresserunt,</span> <span class='ocrx_word' id='word_1_135' title='bbox 941 1999 976 2052; x_wconf 91' lang='lat' dir='ltr'>ut</span> <span class='ocrx_word' id='word_1_136' title='bbox 992 1987 1056 2054; x_wconf 87' lang='lat' dir='ltr'>hoe</span> <span class='ocrx_word' id='word_1_137' title='bbox 1072 1989 1160 2054; x_wconf 86' lang='lat' dir='ltr'>idem</span> 
     </span>
     <span class='ocr_line' id='line_1_19' title="bbox 108 2071 1231 2162; baseline 0.002 -25"><span class='ocrx_word' id='word_1_138' title='bbox 108 2085 210 2154; x_wconf 88' lang='lat' dir='ltr'>esset,</span> <span class='ocrx_word' id='word_1_139' title='bbox 245 2072 335 2159; x_wconf 90' lang='lat' dir='ltr'>quod</span> <span class='ocrx_word' id='word_1_140' title='bbox 361 2095 446 2146; x_wconf 81' lang='lat' dir='ltr'>nco,</span> <span class='ocrx_word' id='word_1_141' title='bbox 469 2074 540 2154; x_wconf 59' lang='lat' dir='ltr'>xnisi</span> <span class='ocrx_word' id='word_1_142' title='bbox 564 2071 652 2137; x_wconf 85' lang='lat' dir='ltr'>forte</span> <span class='ocrx_word' id='word_1_143' title='bbox 677 2075 814 2158; x_wconf 81' lang='lat' dir='ltr'>maioris</span> <span class='ocrx_word' id='word_1_144' title='bbox 840 2075 1005 2161; x_wconf 87' lang='lat' dir='ltr'>gravitatis</span> <span class='ocrx_word' id='word_1_145' title='bbox 1028 2075 1160 2162; x_wconf 82' lang='lat' dir='ltr'>pondus</span> <span class='ocrx_word' id='word_1_146' title='bbox 1230 2135 1231 2139; x_wconf 75' lang='grc'>,</span> 
     </span>
     <span class='ocr_line' id='line_1_20' title="bbox 107 2157 1159 2242; baseline 0.004 -20"><span class='ocrx_word' id='word_1_147' title='bbox 107 2159 252 2222; x_wconf 88' lang='lat' dir='ltr'>accessit.</span> <span class='ocrx_word' id='word_1_148' title='bbox 294 2157 380 2222; x_wconf 88' lang='lat' dir='ltr'>Nam</span> <span class='ocrx_word' id='word_1_149' title='bbox 401 2159 491 2242; x_wconf 92' lang='lat' dir='ltr'>quod</span> <span class='ocrx_word' id='word_1_150' title='bbox 514 2158 690 2222; x_wconf 84' lang='lat' dir='ltr'>Lambinus</span> <span class='ocrx_word' id='word_1_151' title='bbox 714 2159 754 2222; x_wconf 88' lang='lat' dir='ltr'>ad</span> <span class='ocrx_word' id='word_1_152' title='bbox 775 2160 847 2224; x_wconf 74' lang='lat' dir='ltr'>cto.</span> <span class='ocrx_word' id='word_1_153' title='bbox 864 2159 964 2225; x_wconf 78' lang='lat' dir='ltr'>Tuae.</span> <span class='ocrx_word' id='word_1_154' title='bbox 989 2167 1018 2238; x_wconf 87' lang='lat'>1,</span> <span class='ocrx_word' id='word_1_155' title='bbox 1039 2168 1090 2239; x_wconf 76' lang='lat'>81,</span> <span class='ocrx_word' id='word_1_156' title='bbox 1108 2165 1159 2226; x_wconf 86' lang='lat'>75.</span> 
     </span>
     <span class='ocr_line' id='line_1_21' title="bbox 108 2243 1159 2324; baseline -0.001 -15"><span class='ocrx_word' id='word_1_157' title='bbox 108 2244 184 2310; x_wconf 88' lang='lat' dir='ltr'>dicit</span> <span class='ocrx_word' id='word_1_158' title='bbox 204 2245 271 2308; x_wconf 90' lang='lat' dir='ltr'>hoe</span> <span class='ocrx_word' id='word_1_159' title='bbox 289 2243 466 2306; x_wconf 88' lang='lat' dir='ltr'>obscurum</span> <span class='ocrx_word' id='word_1_160' title='bbox 484 2255 515 2306; x_wconf 87' lang='lat' dir='ltr'>et</span> <span class='ocrx_word' id='word_1_161' title='bbox 539 2255 792 2310; x_wconf 82' lang='lat' dir='ltr'>controversum</span> <span class='ocrx_word' id='word_1_162' title='bbox 810 2266 897 2324; x_wconf 89' lang='lat' dir='ltr'>esse,</span> <span class='ocrx_word' id='word_1_163' title='bbox 918 2245 952 2308; x_wconf 90' lang='lat' dir='ltr'>id</span> <span class='ocrx_word' id='word_1_164' title='bbox 975 2246 1072 2308; x_wconf 86' lang='lat' dir='ltr'>certis</span> <span class='ocrx_word' id='word_1_165' title='bbox 1096 2245 1159 2308; x_wconf 94' lang='lat' dir='ltr'>do-</span> 
     </span>
    </p>
   </div>
   <div class='ocr_carea' id='block_1_6' title="bbox 107 2327 1358 2418">
    <p class='ocr_par' dir='ltr' id='par_1_6' title="bbox 107 2327 1358 2418">
     <span class='ocr_line' id='line_1_22' title="bbox 107 2327 1358 2418; baseline 0.003 -24"><span class='ocrx_word' id='word_1_166' title='bbox 107 2331 270 2394; x_wconf 81' lang='lat' dir='ltr'>cumentis</span> <span class='ocrx_word' id='word_1_167' title='bbox 296 2327 458 2394; x_wconf 87' lang='lat' dir='ltr'>affirmari</span> <span class='ocrx_word' id='word_1_168' title='bbox 483 2329 632 2394; x_wconf 75' lang='lat' dir='ltr'>debebat.</span> <span class='ocrx_word' id='word_1_169' title='bbox 676 2333 792 2396; x_wconf 88' lang='lat' dir='ltr'>Postea</span> <span class='ocrx_word' id='word_1_170' title='bbox 816 2352 894 2395; x_wconf 87' lang='lat' dir='ltr'>vero</span> <span class='ocrx_word' id='word_1_171' title='bbox 920 2329 1028 2396; x_wconf 78' lang='lat' dir='ltr'>adulta</span> <span class='ocrx_word' id='word_1_172' title='bbox 1050 2330 1161 2418; x_wconf 87' lang='lat' dir='ltr'>lingua</span> <span class='ocrx_word' id='word_1_173' title='bbox 1253 2388 1264 2398; x_wconf 81' lang='lat'>.</span> <span class='ocrx_word' id='word_1_174' title='bbox 1356 2403 1358 2410; x_wconf 56' lang='grc'>,</span> 
     </span>
    </p>
   </div>
   <div class='ocr_carea' id='block_1_7' title="bbox 97 2416 1245 3878">
    <p class='ocr_par' dir='ltr' id='par_1_7' title="bbox 99 2416 1245 3535">
     <span class='ocr_line' id='line_1_23' title="bbox 104 2416 1163 2503; baseline 0 -23"><span class='ocrx_word' id='word_1_175' title='bbox 104 2416 271 2480; x_wconf 89' lang='lat' dir='ltr'>modalem</span> <span class='ocrx_word' id='word_1_176' title='bbox 296 2416 506 2501; x_wconf 86' lang='lat' dir='ltr'>negationem</span> <span class='ocrx_word' id='word_1_177' title='bbox 533 2416 667 2503; x_wconf 88' lang='lat' dir='ltr'>proprie</span> <span class='ocrx_word' id='word_1_178' title='bbox 696 2417 867 2502; x_wconf 84' lang='lat' dir='ltr'>designare</span> <span class='ocrx_word' id='word_1_179' title='bbox 892 2428 1095 2502; x_wconf 85' lang='lat' dir='ltr'>coeperunt,</span> <span class='ocrx_word' id='word_1_180' title='bbox 1125 2426 1163 2480; x_wconf 88' lang='lat' dir='ltr'>ut</span> 
     </span>
     <span class='ocr_line' id='line_1_24' title="bbox 105 2499 1160 2602; baseline 0.001 -36"><span class='ocrx_word' id='word_1_181' title='bbox 105 2503 266 2568; x_wconf 81' lang='lat' dir='ltr'>haberent</span> <span class='ocrx_word' id='word_1_182' title='bbox 291 2501 505 2580; x_wconf 79' lang='lat' dir='ltr'>vocabulum,</span> <span class='ocrx_word' id='word_1_183' title='bbox 530 2524 595 2586; x_wconf 89' lang='lat' dir='ltr'>quo</span> <span class='ocrx_word' id='word_1_184' title='bbox 617 2500 650 2566; x_wconf 78' lang='lat' dir='ltr'>sd</span> <span class='ocrx_word' id='word_1_185' title='bbox 669 2499 747 2568; x_wconf 83' lang='grc' dir='ltr'><strong><em>εἶναι</em></strong></span> <span class='ocrx_word' id='word_1_186' title='bbox 763 2516 922 2602; x_wconf 88' lang='lat' dir='ltr'>negarent</span> <span class='ocrx_word' id='word_1_187' title='bbox 937 2505 1035 2588; x_wconf 85' lang='lat' dir='ltr'>atque</span> <span class='ocrx_word' id='word_1_188' title='bbox 1060 2524 1160 2566; x_wconf 89' lang='lat' dir='ltr'>unam</span> 
     </span>
     <span class='ocr_line' id='line_1_25' title="bbox 105 2587 1194 2676; baseline 0 -24"><span class='ocrx_word' id='word_1_189' title='bbox 105 2589 248 2676; x_wconf 88' lang='lat' dir='ltr'>aliquam</span> <span class='ocrx_word' id='word_1_190' title='bbox 266 2587 440 2654; x_wconf 85' lang='lat' dir='ltr'>notionem</span> <span class='ocrx_word' id='word_1_191' title='bbox 466 2599 497 2650; x_wconf 89' lang='lat' dir='ltr'>et</span> <span class='ocrx_word' id='word_1_192' title='bbox 519 2587 571 2664; x_wconf 86' lang='lat' dir='ltr'>id,</span> <span class='ocrx_word' id='word_1_193' title='bbox 594 2587 685 2674; x_wconf 91' lang='lat' dir='ltr'>quod</span> <span class='ocrx_word' id='word_1_194' title='bbox 710 2587 1160 2675; x_wconf 74' lang='lat' dir='ltr'>acogitationeprofiscere·</span> <span class='ocrx_word' id='word_1_195' title='bbox 1193 2607 1194 2612; x_wconf 72' lang='grc'>’</span> 
     </span>
     <span class='ocr_line' id='line_1_26' title="bbox 106 2671 1170 2761; baseline 0.001 -24"><span class='ocrx_word' id='word_1_196' title='bbox 106 2686 176 2754; x_wconf 87' lang='lat' dir='ltr'>tar,</span> <span class='ocrx_word' id='word_1_197' title='bbox 207 2673 373 2738; x_wconf 86' lang='lat' dir='ltr'>tollerent.</span> <span class='ocrx_word' id='word_1_198' title='bbox 406 2671 462 2736; x_wconf 80' lang='lat' dir='ltr'>&#39;Id</span> <span class='ocrx_word' id='word_1_199' title='bbox 488 2683 556 2738; x_wconf 87' lang='lat' dir='ltr'>erat</span> <span class='ocrx_word' id='word_1_200' title='bbox 582 2697 642 2752; x_wconf 82' lang='lat' dir='ltr'>nc,</span> <span class='ocrx_word' id='word_1_201' title='bbox 666 2675 700 2738; x_wconf 88' lang='lat' dir='ltr'>in</span> <span class='ocrx_word' id='word_1_202' title='bbox 726 2675 877 2761; x_wconf 88' lang='lat' dir='ltr'>plurimis</span> <span class='ocrx_word' id='word_1_203' title='bbox 900 2696 1019 2760; x_wconf 77' lang='lat' dir='ltr'>graeco</span> <span class='ocrx_word' id='word_1_204' title='bbox 1041 2672 1081 2757; x_wconf 75' lang='grc' dir='ltr'>μὴ</span> <span class='ocrx_word' id='word_1_205' title='bbox 1105 2681 1170 2738; x_wconf 72' lang='lat' dir='ltr'>re·&#39;</span> 
     </span>
     <span class='ocr_line' id='line_1_27' title="bbox 103 2759 1160 2850; baseline 0 -26"><span class='ocrx_word' id='word_1_206' title='bbox 103 2760 286 2850; x_wconf 89' lang='lat' dir='ltr'>spondens.</span> <span class='ocrx_word' id='word_1_207' title='bbox 331 2759 393 2822; x_wconf 87' lang='lat' dir='ltr'>Per</span> <span class='ocrx_word' id='word_1_208' title='bbox 413 2781 482 2822; x_wconf 80' lang='lat' dir='ltr'>non</span> <span class='ocrx_word' id='word_1_209' title='bbox 510 2759 596 2822; x_wconf 91' lang='lat' dir='ltr'>enim</span> <span class='ocrx_word' id='word_1_210' title='bbox 628 2759 768 2839; x_wconf 61' lang='lat' dir='ltr'>dicitur,</span> <span class='ocrx_word' id='word_1_211' title='bbox 789 2781 872 2846; x_wconf 88' lang='lat' dir='ltr'>quae</span> <span class='ocrx_word' id='word_1_212' title='bbox 895 2781 946 2823; x_wconf 90' lang='lat' dir='ltr'>res</span> <span class='ocrx_word' id='word_1_213' title='bbox 976 2769 1032 2824; x_wconf 89' lang='lat' dir='ltr'>aut</span> <span class='ocrx_word' id='word_1_214' title='bbox 1054 2760 1160 2846; x_wconf 82' lang='lat' dir='ltr'>qualis</span> 
     </span>
     <span class='ocr_line' id='line_1_28' title="bbox 103 2835 1168 2932; baseline 0 -22"><span class='ocrx_word' id='word_1_215' title='bbox 103 2869 173 2910; x_wconf 87' lang='lat' dir='ltr'>nou</span> <span class='ocrx_word' id='word_1_216' title='bbox 190 2847 262 2920; x_wconf 86' lang='lat' dir='ltr'>sit‚·</span> <span class='ocrx_word' id='word_1_217' title='bbox 275 2865 334 2932; x_wconf 90' lang='lat' dir='ltr'>per</span> <span class='ocrx_word' id='word_1_218' title='bbox 350 2867 392 2932; x_wconf 75' lang='lat' dir='ltr'>ne</span> <span class='ocrx_word' id='word_1_219' title='bbox 409 2867 477 2908; x_wconf 89' lang='lat' dir='ltr'>uon</span> <span class='ocrx_word' id='word_1_220' title='bbox 498 2867 567 2908; x_wconf 90' lang='lat' dir='ltr'>esse</span> <span class='ocrx_word' id='word_1_221' title='bbox 585 2867 673 2910; x_wconf 88' lang='lat' dir='ltr'>rem:</span> <span class='ocrx_word' id='word_1_222' title='bbox 696 2868 756 2932; x_wconf 90' lang='lat' dir='ltr'>per</span> <span class='ocrx_word' id='word_1_223' title='bbox 777 2870 845 2910; x_wconf 80' lang='lat' dir='ltr'>aaa</span> <span class='ocrx_word' id='word_1_224' title='bbox 868 2845 997 2909; x_wconf 87' lang='lat' dir='ltr'>tollitur</span> <span class='ocrx_word' id='word_1_225' title='bbox 1022 2835 1168 2931; x_wconf 67' lang='lat' dir='ltr'>qualitas</span> 
     </span>
     <span class='ocr_line' id='line_1_29' title="bbox 101 2929 1160 3019; baseline -0.001 -22"><span class='ocrx_word' id='word_1_226' title='bbox 101 2934 169 3011; x_wconf 88' lang='lat' dir='ltr'>rei,</span> <span class='ocrx_word' id='word_1_227' title='bbox 194 2953 254 3018; x_wconf 88' lang='lat' dir='ltr'>per</span> <span class='ocrx_word' id='word_1_228' title='bbox 270 2955 313 2995; x_wconf 83' lang='lat' dir='ltr'>ue</span> <span class='ocrx_word' id='word_1_229' title='bbox 330 2931 488 2994; x_wconf 85' lang='lat' dir='ltr'>essentiae</span> <span class='ocrx_word' id='word_1_230' title='bbox 512 2931 619 2996; x_wconf 78' lang='lat' dir='ltr'>notio,</span> <span class='ocrx_word' id='word_1_231' title='bbox 665 2929 765 2995; x_wconf 88' lang='lat' dir='ltr'>Conf.</span> <span class='ocrx_word' id='word_1_232' title='bbox 789 2931 832 2996; x_wconf 88' lang='grc' dir='ltr'>Τ.</span> <span class='ocrx_word' id='word_1_233' title='bbox 850 2937 881 2996; x_wconf 84' lang='grc'>3.</span> <span class='ocrx_word' id='word_1_234' title='bbox 902 2955 935 3019; x_wconf 90' lang='lat' dir='ltr'>p.</span> <span class='ocrx_word' id='word_1_235' title='bbox 954 2937 1004 2998; x_wconf 87' lang='lat'>16.</span> <span class='ocrx_word' id='word_1_236' title='bbox 1036 2933 1160 2996; x_wconf 87' lang='lat' dir='ltr'>Graeca</span> 
     </span>
     <span class='ocr_line' id='line_1_30' title="bbox 102 3012 1160 3099; baseline 0.002 -19"><span class='ocrx_word' id='word_1_237' title='bbox 102 3015 139 3081; x_wconf 78' lang='lat' dir='ltr'>sai</span> <span class='ocrx_word' id='word_1_238' title='bbox 154 3013 192 3082; x_wconf 77' lang='lat' dir='ltr'>ori</span> <span class='ocrx_word' id='word_1_239' title='bbox 207 3013 284 3080; x_wconf 76' lang='grc' dir='ltr'>καλὰ</span> <span class='ocrx_word' id='word_1_240' title='bbox 300 3027 459 3080; x_wconf 75' lang='lat' dir='ltr'>sunt&#39;non</span> <span class='ocrx_word' id='word_1_241' title='bbox 477 3015 642 3098; x_wconf 79' lang='lat' dir='ltr'>honesta,</span> <span class='ocrx_word' id='word_1_242' title='bbox 665 3012 701 3080; x_wconf 75' lang='lat' dir='ltr'>rai</span> <span class='ocrx_word' id='word_1_243' title='bbox 716 3015 757 3099; x_wconf 77' lang='grc' dir='ltr'>μὴ</span> <span class='ocrx_word' id='word_1_244' title='bbox 773 3017 849 3082; x_wconf 79' lang='grc' dir='ltr'><strong><em>καλὰ</em></strong></span> <span class='ocrx_word' id='word_1_245' title='bbox 865 3041 908 3082; x_wconf 83' lang='lat' dir='ltr'>ne</span> <span class='ocrx_word' id='word_1_246' title='bbox 925 3018 1067 3095; x_wconf 78' lang='lat' dir='ltr'>honesta</span> <span class='ocrx_word' id='word_1_247' title='bbox 1093 3018 1160 3082; x_wconf 86' lang='lat' dir='ltr'>sive</span> 
     </span>
     <span class='ocr_line' id='line_1_31' title="bbox 101 3101 1161 3182; baseline -0.002 -14"><span class='ocrx_word' id='word_1_248' title='bbox 101 3103 307 3170; x_wconf 79' lang='lat' dir='ltr'>inhonesta:</span> <span class='ocrx_word' id='word_1_249' title='bbox 330 3101 393 3166; x_wconf 84' lang='lat' dir='ltr'>itlts</span> <span class='ocrx_word' id='word_1_250' title='bbox 416 3103 534 3166; x_wconf 89' lang='lat' dir='ltr'>dieitur</span> <span class='ocrx_word' id='word_1_251' title='bbox 553 3125 625 3166; x_wconf 89' lang='lat' dir='ltr'>rem</span> <span class='ocrx_word' id='word_1_252' title='bbox 643 3125 711 3165; x_wconf 92' lang='lat' dir='ltr'>non</span> <span class='ocrx_word' id='word_1_253' title='bbox 729 3103 902 3168; x_wconf 88' lang='lat' dir='ltr'>honestam</span> <span class='ocrx_word' id='word_1_254' title='bbox 920 3126 1008 3182; x_wconf 71' lang='lat' dir='ltr'>esse,</span> <span class='ocrx_word' id='word_1_255' title='bbox 1031 3101 1081 3166; x_wconf 93' lang='lat' dir='ltr'>his</span> <span class='ocrx_word' id='word_1_256' title='bbox 1099 3125 1161 3167; x_wconf 86' lang='lat' dir='ltr'>au-</span> 
     </span>
     <span class='ocr_line' id='line_1_32' title="bbox 100 3186 1160 3276; baseline 0 -22"><span class='ocrx_word' id='word_1_257' title='bbox 100 3201 170 3254; x_wconf 90' lang='lat' dir='ltr'>tem</span> <span class='ocrx_word' id='word_1_258' title='bbox 189 3211 232 3252; x_wconf 90' lang='lat' dir='ltr'>ne</span> <span class='ocrx_word' id='word_1_259' title='bbox 248 3186 384 3276; x_wconf 87' lang='lat' dir='ltr'>eogitari</span> <span class='ocrx_word' id='word_1_260' title='bbox 403 3187 535 3274; x_wconf 87' lang='lat' dir='ltr'>quidem</span> <span class='ocrx_word' id='word_1_261' title='bbox 555 3211 623 3253; x_wconf 90' lang='lat' dir='ltr'>esse</span> <span class='ocrx_word' id='word_1_262' title='bbox 645 3187 821 3258; x_wconf 78' lang='lat' dir='ltr'>honestam</span> <span class='ocrx_word' id='word_1_263' title='bbox 844 3212 930 3254; x_wconf 88' lang='lat' dir='ltr'>rem.</span> <span class='ocrx_word' id='word_1_264' title='bbox 968 3191 1079 3272; x_wconf 82' lang='lat' dir='ltr'>Quare</span> <span class='ocrx_word' id='word_1_265' title='bbox 1099 3189 1160 3254; x_wconf 88' lang='lat' dir='ltr'>ad-</span> 
     </span>
     <span class='ocr_line' id='line_1_33' title="bbox 101 3273 1164 3366; baseline -0.001 -26"><span class='ocrx_word' id='word_1_266' title='bbox 101 3275 280 3340; x_wconf 87' lang='lat' dir='ltr'>hibebatur</span> <span class='ocrx_word' id='word_1_267' title='bbox 312 3273 347 3336; x_wconf 90' lang='lat' dir='ltr'>in</span> <span class='ocrx_word' id='word_1_268' title='bbox 374 3275 616 3360; x_wconf 84' lang='lat' dir='ltr'>componendis</span> <span class='ocrx_word' id='word_1_269' title='bbox 646 3277 837 3340; x_wconf 88' lang='lat' dir='ltr'>nominibus</span> <span class='ocrx_word' id='word_1_270' title='bbox 870 3275 989 3366; x_wconf 79' lang='lat' dir='ltr'>nesae,</span> <span class='ocrx_word' id='word_1_271' title='bbox 1029 3286 1164 3354; x_wconf 56' lang='lat' dir='ltr'>nerrtera</span> 
     </span>
     <span class='ocr_line' id='line_1_34' title="bbox 99 3359 1245 3448; baseline 0 -24"><span class='ocrx_word' id='word_1_272' title='bbox 99 3383 211 3437; x_wconf 79' lang='lat' dir='ltr'>nemo,</span> <span class='ocrx_word' id='word_1_273' title='bbox 233 3359 382 3442; x_wconf 72' lang='lat' dir='ltr'>nescire,</span> <span class='ocrx_word' id='word_1_274' title='bbox 403 3382 629 3447; x_wconf 75' lang='lat' dir='ltr'>nequaquam,</span> <span class='ocrx_word' id='word_1_275' title='bbox 651 3361 801 3442; x_wconf 76' lang='lat' dir='ltr'>nullum,</span> <span class='ocrx_word' id='word_1_276' title='bbox 821 3371 1055 3448; x_wconf 75' lang='lat' dir='ltr'>namquamet</span> <span class='ocrx_word' id='word_1_277' title='bbox 1073 3360 1159 3424; x_wconf 81' lang='lat' dir='ltr'>iniis</span> <span class='ocrx_word' id='word_1_278' title='bbox 1241 3437 1245 3444; x_wconf 28' lang='lat'><em>¹</em></span> 
     </span>
     <span class='ocr_line' id='line_1_35' title="bbox 100 3445 1211 3535; baseline 0 -25"><span class='ocrx_word' id='word_1_279' title='bbox 100 3445 243 3533; x_wconf 79' lang='lat' dir='ltr'>formis,</span> <span class='ocrx_word' id='word_1_280' title='bbox 267 3467 348 3532; x_wconf 87' lang='lat' dir='ltr'>quas</span> <span class='ocrx_word' id='word_1_281' title='bbox 372 3447 580 3531; x_wconf 81' lang='lat' dir='ltr'>grammatici</span> <span class='ocrx_word' id='word_1_282' title='bbox 605 3447 719 3510; x_wconf 90' lang='lat' dir='ltr'>dieunt</span> <span class='ocrx_word' id='word_1_283' title='bbox 737 3470 798 3534; x_wconf 87' lang='lat' dir='ltr'>per</span> <span class='ocrx_word' id='word_1_284' title='bbox 821 3446 960 3535; x_wconf 87' lang='lat' dir='ltr'>hyphen</span> <span class='ocrx_word' id='word_1_285' title='bbox 980 3445 1099 3522; x_wconf 84' lang='lat' dir='ltr'>factas,</span> <span class='ocrx_word' id='word_1_286' title='bbox 1128 3457 1161 3510; x_wconf 90' lang='lat' dir='ltr'>et</span> <span class='ocrx_word' id='word_1_287' title='bbox 1208 3520 1211 3523; x_wconf 43' lang='grc'><em>,</em></span> 
     </span>
    </p>

    <p class='ocr_par' dir='ltr' id='par_1_8' title="bbox 97 3531 1198 3878">
     <span class='ocr_line' id='line_1_36' title="bbox 100 3531 1159 3618; baseline 0 -22"><span class='ocrx_word' id='word_1_288' title='bbox 100 3533 137 3596; x_wconf 91' lang='lat' dir='ltr'>in</span> <span class='ocrx_word' id='word_1_289' title='bbox 156 3531 353 3617; x_wconf 87' lang='lat' dir='ltr'>quibusdam</span> <span class='ocrx_word' id='word_1_290' title='bbox 375 3531 446 3602; x_wconf 72' lang='lat' dir='ltr'>aliis</span> <span class='ocrx_word' id='word_1_291' title='bbox 473 3531 597 3610; x_wconf 79' lang='lat' dir='ltr'>verbis,</span> <span class='ocrx_word' id='word_1_292' title='bbox 612 3533 724 3599; x_wconf 83' lang='lat' dir='ltr'>¹veluti</span> <span class='ocrx_word' id='word_1_293' title='bbox 738 3543 781 3598; x_wconf 80' lang='lat' dir='ltr'>ne</span> <span class='ocrx_word' id='word_1_294' title='bbox 802 3533 869 3612; x_wconf 73' lang='lat' dir='ltr'>ais,</span> <span class='ocrx_word' id='word_1_295' title='bbox 891 3556 934 3596; x_wconf 85' lang='lat' dir='ltr'>ne</span> <span class='ocrx_word' id='word_1_296' title='bbox 948 3531 1039 3618; x_wconf 81' lang='lat' dir='ltr'>plus,</span> <span class='ocrx_word' id='word_1_297' title='bbox 1068 3533 1159 3616; x_wconf 89' lang='lat' dir='ltr'>quod</span> 
     </span>
     <span class='ocr_line' id='line_1_37' title="bbox 100 3615 1198 3705; baseline -0.001 -22"><span class='ocrx_word' id='word_1_298' title='bbox 100 3629 153 3683; x_wconf 87' lang='lat' dir='ltr'>est</span> <span class='ocrx_word' id='word_1_299' title='bbox 168 3615 211 3700; x_wconf 78' lang='grc' dir='ltr'>μὴ</span> <span class='ocrx_word' id='word_1_300' title='bbox 227 3625 353 3682; x_wconf 76' lang='grc' dir='ltr'>πλεῖον..</span> <span class='ocrx_word' id='word_1_301' title='bbox 371 3616 499 3686; x_wconf 89' lang='lat' dir='ltr'>Deinde</span> <span class='ocrx_word' id='word_1_302' title='bbox 515 3616 592 3684; x_wconf 85' lang='lat' dir='ltr'>vero</span> <span class='ocrx_word' id='word_1_303' title='bbox 610 3621 736 3687; x_wconf 88' lang='lat' dir='ltr'>maiore</span> <span class='ocrx_word' id='word_1_304' title='bbox 751 3620 907 3704; x_wconf 79' lang='lat' dir='ltr'>gravitate</span> <span class='ocrx_word' id='word_1_305' title='bbox 922 3617 1160 3705; x_wconf 88' lang='lat' dir='ltr'>insigniebatur</span> <span class='ocrx_word' id='word_1_306' title='bbox 1196 3661 1198 3663; x_wconf 95' lang='lat'>-</span> 
     </span>
     <span class='ocr_line' id='line_1_38' title="bbox 100 3701 1159 3792; baseline -0.001 -23"><span class='ocrx_word' id='word_1_307' title='bbox 100 3704 183 3780; x_wconf 86' lang='lat' dir='ltr'>haee</span> <span class='ocrx_word' id='word_1_308' title='bbox 208 3703 361 3788; x_wconf 84' lang='lat' dir='ltr'>negatio,</span> <span class='ocrx_word' id='word_1_309' title='bbox 385 3713 421 3767; x_wconf 91' lang='lat' dir='ltr'>ut</span> <span class='ocrx_word' id='word_1_310' title='bbox 438 3701 602 3768; x_wconf 86' lang='lat' dir='ltr'>diceretur</span> <span class='ocrx_word' id='word_1_311' title='bbox 618 3729 660 3770; x_wconf 83' lang='lat' dir='ltr'>ne</span> <span class='ocrx_word' id='word_1_312' title='bbox 676 3705 830 3792; x_wconf 80' lang='lat' dir='ltr'>quidem,</span> <span class='ocrx_word' id='word_1_313' title='bbox 855 3703 999 3774; x_wconf 75' lang='lat' dir='ltr'>eadam,</span> <span class='ocrx_word' id='word_1_314' title='bbox 1023 3703 1159 3790; x_wconf 86' lang='lat' dir='ltr'>aliaque.</span> 
     </span>
     <span class='ocr_line' id='line_1_39' title="bbox 97 3787 1160 3878; baseline -0.002 -24"><span class='ocrx_word' id='word_1_315' title='bbox 97 3789 138 3856; x_wconf 86' lang='lat' dir='ltr'>ln</span> <span class='ocrx_word' id='word_1_316' title='bbox 165 3789 413 3875; x_wconf 86' lang='lat' dir='ltr'>compositione</span> <span class='ocrx_word' id='word_1_317' title='bbox 438 3789 614 3874; x_wconf 71' lang='lat' dir='ltr'>uerborum</span> <span class='ocrx_word' id='word_1_318' title='bbox 637 3789 912 3878; x_wconf 88' lang='lat' dir='ltr'>interponebatur</span> <span class='ocrx_word' id='word_1_319' title='bbox 934 3813 953 3853; x_wconf 87' lang='lat' dir='ltr'>c</span> <span class='ocrx_word' id='word_1_320' title='bbox 975 3787 1100 3867; x_wconf 90' lang='lat' dir='ltr'>littera,</span> <span class='ocrx_word' id='word_1_321' title='bbox 1123 3800 1160 3854; x_wconf 88' lang='lat' dir='ltr'>ut</span> 
     </span>
    </p>
   </div>
   <div class='ocr_carea' id='block_1_8' title="bbox 100 3869 1314 3966">
    <p class='ocr_par' dir='ltr' id='par_1_9' title="bbox 100 3869 1314 3966">
     <span class='ocr_line' id='line_1_40' title="bbox 100 3869 1314 3966; baseline 0 -28"><span class='ocrx_word' id='word_1_322' title='bbox 100 3886 268 3942; x_wconf 80' lang='lat' dir='ltr'>essetnec</span> <span class='ocrx_word' id='word_1_323' title='bbox 290 3875 551 3960; x_wconf 63' lang='lat' dir='ltr'>incarceramus,</span> <span class='ocrx_word' id='word_1_324' title='bbox 575 3878 771 3966; x_wconf 77' lang='lat' dir='ltr'>negotium,</span> <span class='ocrx_word' id='word_1_325' title='bbox 795 3898 856 3961; x_wconf 83' lang='lat' dir='ltr'>nec</span> <span class='ocrx_word' id='word_1_326' title='bbox 871 3875 1030 3964; x_wconf 79' lang='lat' dir='ltr'>cogitans</span> <span class='ocrx_word' id='word_1_327' title='bbox 1054 3875 1164 3960; x_wconf 55' lang='lat' dir='ltr'>(Orat,</span> <span class='ocrx_word' id='word_1_328' title='bbox 1309 3869 1314 3878; x_wconf 77' lang='grc'><em>’</em></span> 
     </span>
    </p>
   </div>
   <div class='ocr_carea' id='block_1_9' title="bbox 99 3960 579 4048">
    <p class='ocr_par' dir='ltr' id='par_1_10' title="bbox 99 3960 579 4048">
     <span class='ocr_line' id='line_1_41' title="bbox 99 3960 579 4048; baseline 0 -22"><span class='ocrx_word' id='word_1_329' title='bbox 99 3961 141 4026; x_wconf 89' lang='lat' dir='ltr'>de</span> <span class='ocrx_word' id='word_1_330' title='bbox 157 3962 305 4048; x_wconf 87' lang='lat' dir='ltr'>Harusp.</span> <span class='ocrx_word' id='word_1_331' title='bbox 323 3982 415 4048; x_wconf 23' lang='lat' dir='ltr'>resp..</span> <span class='ocrx_word' id='word_1_332' title='bbox 429 3960 579 4048; x_wconf 70' lang='lat' dir='ltr'>2p,‘55.).</span> 
     </span>
    </p>
   </div>
   <div class='ocr_carea' id='block_1_10' title="bbox 164 4099 1224 4258">
    <p class='ocr_par' dir='ltr' id='par_1_11' title="bbox 164 4099 1224 4258">
     <span class='ocr_line' id='line_1_42' title="bbox 164 4099 1159 4172; baseline -0.004 -16"><span class='ocrx_word' id='word_1_333' title='bbox 164 4151 169 4156; x_wconf 92' lang='lat'>.</span> <span class='ocrx_word' id='word_1_334' title='bbox 211 4101 316 4157; x_wconf 79' lang='lat' dir='ltr'>catull.</span> <span class='ocrx_word' id='word_1_335' title='bbox 332 4099 517 4172; x_wconf 71' lang='lat' dir='ltr'>tta,81..tpse</span> <span class='ocrx_word' id='word_1_336' title='bbox 539 4119 615 4154; x_wconf 84' lang='lat' dir='ltr'>suam</span> <span class='ocrx_word' id='word_1_337' title='bbox 637 4103 747 4156; x_wconf 60' lang='lat' dir='ltr'>theseus</span> <span class='ocrx_word' id='word_1_338' title='bbox 771 4121 822 4172; x_wconf 85' lang='lat' dir='ltr'>pro</span> <span class='ocrx_word' id='word_1_339' title='bbox 843 4101 912 4156; x_wconf 78' lang='lat' dir='ltr'>ceris</span> <span class='ocrx_word' id='word_1_340' title='bbox 937 4115 1028 4170; x_wconf 85' lang='lat' dir='ltr'>eorpus</span> <span class='ocrx_word' id='word_1_341' title='bbox 1048 4099 1159 4152; x_wconf 77' lang='lat' dir='ltr'>Athenis</span> 
     </span>
     <span class='ocr_line' id='line_1_43' title="bbox 167 4184 1224 4258; baseline -0.007 -16"><span class='ocrx_word' id='word_1_342' title='bbox 167 4188 297 4258; x_wconf 77' lang='lat' dir='ltr'>proitcew</span> <span class='ocrx_word' id='word_1_343' title='bbox 313 4188 414 4257; x_wconf 78' lang='lat' dir='ltr'>optavit</span> <span class='ocrx_word' id='word_1_344' title='bbox 434 4188 616 4258; x_wconf 74' lang='lat' dir='ltr'>potiusquam</span> <span class='ocrx_word' id='word_1_345' title='bbox 632 4188 698 4241; x_wconf 82' lang='lat' dir='ltr'>tetta</span> <span class='ocrx_word' id='word_1_346' title='bbox 713 4189 819 4241; x_wconf 81' lang='lat' dir='ltr'>Cretam</span> <span class='ocrx_word' id='word_1_347' title='bbox 836 4192 937 4256; x_wconf 76' lang='lat' dir='ltr'>funera</span> <span class='ocrx_word' id='word_1_348' title='bbox 957 4184 1090 4254; x_wconf 70' lang='lat' dir='ltr'>ecmopice</span> <span class='ocrx_word' id='word_1_349' title='bbox 1110 4201 1157 4236; x_wconf 80' lang='lat' dir='ltr'>ac·</span> <span class='ocrx_word' id='word_1_350' title='bbox 1217 4237 1224 4249; x_wconf 71' lang='grc'><strong><em>,</em></strong></span> 
     </span>
    </p>
   </div>
   <div class='ocr_carea' id='block_1_11' title="bbox 0 0 1434 4756">
    <p class='ocr_par' dir='ltr' id='par_1_12' title="bbox 0 0 1434 4756">
     <span class='ocr_line' id='line_1_44' title="bbox 0 0 1434 4756; baseline 0 3"><span class='ocrx_word' id='word_1_351' title='bbox 0 0 1434 4756; x_wconf 95' lang='lat' dir='ltr'> </span> 
     </span>
    </p>
   </div>
  </div>
 </body>
</html>
