2836 4752
592 397 939 484 PmuTEnQvtu.

523 609 1038 728 unnuuunovsuu.

340 797 379 862 In
403 793 607 860 excludenda
629 792 738 880 aliqua
763 813 799 856 re
821 765 982 942 quimiam
1005 791 1089 860 duae
1111 817 1164 860 res
1191 793 1314 860 eonfe-

257 894 378 956 rnntur
401 892 434 946 et
457 889 710 966 comparantur.
744 899 819 942 acce
844 879 930 943 itud
953 879 1148 944 vocabulum
1164 894 1315 968 praeter

258 969 482 1057 comparativa
508 964 667 1054 particula
689 975 868 1050 quam„et
892 963 1010 1028 dicitur
1030 977 1315 1054 praeterquam,

257 1057 308 1123 vet
324 1052 522 1139 interposito
538 1051 649 1136 aliquo
667 1048 842 1113 vocabulo.
887 1049 951 1114 Sed
978 1071 1081 1115 unum
1106 1049 1233 1131 foetum
1260 1063 1313 1118 est

254 1140 454 1209 vocabulum
472 1137 615 1202 orationi
632 1137 676 1200 ita
690 1133 1022 1210 accommodandum,
1047 1147 1084 1199 ut
1099 1159 1314 1225 quamsaepe

255 1225 440 1302 redundare
464 1222 642 1286 videretur.
687 1217 891 1305 significatio
906 1243 974 1284 non
993 1221 1102 1286 differt
1119 1245 1136 1286 a
1156 1234 1312 1308 praeter,

254 1313 313 1378 sed
328 1331 416 1376 usus.
446 1309 531 1372 Nam
544 1316 789 1393 praeterquam
802 1306 939 1390 antiquo
955 1317 1109 1394 tempore
1126 1329 1194 1372 non
1207 1329 1311 1372 usur-

254 1397 405 1489 pabatur,
427 1394 489 1458 uisi
506 1393 541 1456 in
564 1413 640 1456 eum
656 1389 806 1462 modum,
829 1400 867 1452 ut
890 1413 992 1478 quam
1014 1393 1147 1479 plenam
1172 1392 1311 1459 haberet

252 1481 540 1572 significationem,
559 1487 612 1541 aut
629 1486 666 1538 ut
684 1487 874 1563 sequeretur
888 1477 1074 1552 relativum,
1099 1478 1189 1564 quod
1213 1499 1310 1543 suam

253 1581 407 1635 naturam
432 1587 499 1629 non
525 1561 714 1639 amittebat,
751 1561 807 1626 ubi
829 1563 1069 1627 coniunctionis
1092 1565 1197 1628 instar
1227 1575 1311 1628 erat.

254 1655 303 1720 lta
319 1654 477 1740 loquutus
504 1659 553 1712 est
583 1647 778 1723 Terentius,
806 1667 993 1734 numquam
1022 1649 1167 1715 Plautus.
1217 1649 1311 1715 Tum

256 1761 334 1806 vero
359 1746 604 1824 praeterquam
628 1733 709 1820 poni
731 1731 859 1796 solebat
880 1735 914 1796 iu
938 1735 1107 1798 sententiis
1127 1737 1308 1820 negativis:

253 1823 344 1892 attuit
358 1831 615 1908 praeterquam,
640 1839 738 1882 neruo
754 1829 1011 1905 praeterquam.
1042 1821 1192 1904 Denique
1209 1821 1310 1886 etiam

253 1931 326 1974 non
353 1907 562 1972 antecedente
586 1905 762 1992 negatione
784 1902 956 1969 dicebatur
981 1927 1053 1970 rem
1076 1905 1219 1994 aliquam
1238 1929 1310 1972 esse

254 2003 388 2086 praeter
411 1992 521 2056 stiam.

339 2111 528 2178 Praeterea
552 2127 643 2184 uam,
663 2103 752 2191 quod
772 2103 939 2170 Bentleius
956 2105 1186 2192 equibusdam
1213 2107 1308 2174 libris

254 2200 292 2268 in
309 2197 447 2264 Terent.
467 2198 518 2260 An
544 2215 571 2258 r.
592 2193 623 2270 4,
646 2192 678 2268 4,
703 2191 754 2254 11.
777 2190 903 2255 restitui
924 2193 1027 2270 iussit,
1056 2193 1185 2256 nulium
1208 2191 1309 2258 habet

255 2283 467 2371 exemplum,
505 2299 567 2344 nee
597 2277 774 2341 commode
803 2298 878 2341 cum
907 2299 947 2342 eo
976 2278 1164 2366 comparari
1195 2291 1311 2368 potest

177 2441 184 2448 .
250 2382 486 2462 posteaquam.

341 2495 371 2553 1.
401 2485 549 2552 Primum
569 2479 671 2568 igitur
686 2491 830 2567 praeter
867 2502 949 2545 uam
969 2479 1088 2544 dicitur
1108 2481 1141 2544 in
1166 2503 1308 2570 eompa-

253 2574 383 2642 ratione
405 2571 464 2649 rei,
490 2587 587 2656 quam
613 2565 735 2652 aliquid
766 2504 902 2630 exeeiit.
954 2566 1150 2654 Adiungitur
1169 2580 1307 2634 senten-

254 2663 317 2742 tia,
348 2679 431 2745 quae
469 2675 538 2718 uno
578 2651 780 2716 substantivo
826 2674 980 2740 expressa
1019 2654 1306 2740 praepositionem

248 2755 392 2833 praeter
413 2749 603 2806 assumeret.
1189 2779 1192 2784 -

355 2859 470 2914 Terent.
495 2855 654 2921 uenatu,
679 2855 706 2921 1,
729 2853 757 2908 ⁸.
781 2857 849 2924 qaod
872 2857 939 2909 ruiti·
962 2858 1047 2910 videm
1069 2864 1175 2928 macter
1194 2867 1306 2914 σείσειε

317 2953 392 3000 tuam
410 2947 501 3012 faeere
522 2947 549 2994 et
576 2945 684 3009 praeter
707 2956 785 3008 queam
814 2957 854 2994 ree
882 2947 908 2994 te
928 2941 1083 3011 adhortatur
1114 2951 1169 2998 tua.
1213 2944 1306 2998 Plant.

321 3028 408 3082 Hm·
426 3027 453 3091 1,
470 3026 496 3090 l,
513 3025 557 3076 ⁹2·
576 3039 640 3092 quat
658 3039 754 3076 memes
769 3041 895 3089 nestram,
922 3033 950 3078 ut
973 3027 1052 3092 uolui,
1075 3027 1182 3079 vendidi
1198 3045 1230 3080 ee
1246 3046 1306 3080 eeu-
1397 3039 1398 3042 ’

289 3126 295 3132 .
319 3113 409 3175 tentia,
429 3111 529 3162 tuarum
545 3109 637 3178 agea
648 3110 736 3174 saeta,
749 3115 854 3177 praeter
871 3125 952 3178 qaam
969 3111 1035 3163 atter·
1053 3126 1124 3163 meae
1148 3118 1230 3180 pm,
1255 3113 1303 3164 qe,
1396 3117 1397 3129 ,

318 3199 358 3252 de‘t
376 3197 528 3249 aestimatae
543 3207 645 3274 aemes

235 3331 238 3337 ’
335 3337 367 3397 2.
395 3329 485 3396 Tum
503 3336 748 3415 praeterquam
769 3325 1002 3404 cumrelativo
1035 3327 1250 3416 coniungitur
1272 3341 1303 3396 et

250 3415 412 3507 signifieat
426 3425 571 3504 praeter
591 3409 631 3476 it
650 3410 749 3498 quod.

350 3537 465 3591 Terent.
485 3533 569 3587 Andr.
593 3529 620 3599 4,
634 3529 662 3598 4,
679 3529 723 3584 14.
739 3532 846 3584 uerbum
869 3530 893 3582 εἰ
915 3533 981 3584 mihi
1000 3550 1096 3597 uuum,
1120 3515 1301 3604 praeterquam

318 3624 385 3691 quod
403 3629 429 3674 te
446 3636 521 3689 rogo,
533 3617 620 3688 sarie,
639 3635 707 3670 eave.
742 3615 812 3670 Eun.
829 3614 1151 3682 1,1,·3t,coraet.‘ttt.
1168 3617 1212 3686 21,
1230 3620 1257 3676 2,
1274 3622 1301 3673 e'a

316 3709 364 3760 hoa
381 3721 458 3774 quum
473 3711 527 3756 tres
543 3691 640 3756 meuses
659 3703 714 3754 siue
735 3701 796 3752 ultis
822 3701 952 3752 doloribus
976 3710 1163 3770 praeterquam
1188 3723 1252 3774 quos
1270 3723 1299 3758 ea

317 3791 446 3844 curatione
469 3789 595 3858 captatae,
612 3783 808 3855 consumpsisset
826 3788 879 3838 ete.
893 3783 995 3840 Auctor
1012 3785 1046 3837 B.
1064 3785 1170 3855 hispan.
1192 3785 1236 3842 24.
1299 3791 1301 3798 ⁴

332 3911 365 3971 8.
388 3905 639 3992 Praeterquam
659 3901 761 3992 quod,
789 3905 824 3968 in
853 3901 972 3988 quibus
997 3902 1088 3990 quoa
1108 3907 1298 3971 coniunctio

246 3991 406 4083 signifieat
429 3991 466 4056 iu
488 3992 553 4056 wie
566 3987 662 4078 seru,
688 3983 779 4077 dass,
810 3998 865 4052 aut
893 3989 1109 4074 praecedente
1138 3991 1297 4057 vocabulo

245 4079 399 4167 negativo
424 4085 612 4164 usurpetur,
634 4086 670 4139 ut
691 4073 762 4140 fere
778 4072 925 4138 idemeit
940 4075 1122 4159 quodnisi,
1145 4089 1201 4142 aut
1215 4099 1297 4142 oon-

247 4168 344 4231 traria
365 4163 497 4229 ratione
518 4159 706 4247 significans
727 4158 773 4242 id,
800 4159 840 4223 ad
864 4159 955 4245 quod
987 4159 1075 4224 uliud
1104 4162 1185 4248 quid
1206 4187 1298 4230 aase-

168 4309 176 4316 .
246 4251 311 4318 dits
341 4271 444 4338 quare
476 4269 574 4337 saepe
602 4247 637 4314 in
660 4246 761 4312 ultera
783 4246 964 4311 sententiae
985 4255 1080 4336 parte
1100 4247 1297 4316 adiiciuntur
