2886 4756
186 282 199 294 ’
229 319 301 391 scs
685 307 820 429 tuor.

232 489 363 569 civium
375 487 553 560 lacrimas
576 505 691 554 aaran
707 486 816 556 elisan
826 485 1107 578 putriacprscss
1116 485 1293 576 aspelia-

233 578 294 644 cit.
317 577 484 664 pcDomo
497 578 530 651 3,
548 577 580 673 ti.
596 573 672 640 veui
695 595 765 641 aaa
786 575 897 642 soum
917 575 993 640 sine
1014 573 1096 640 allah
1118 574 1230 664 capiis
1249 599 1294 642 ac

231 685 350 742 manre,
371 671 615 725 verumetiam
639 681 716 724 cum
732 661 859 748 paucis
879 659 1014 735 amicis.
1038 661 1111 726 ise.
1126 677 1202 727 cum
1218 681 1294 730 naa

232 749 356 816 multis.
385 747 500 832 Neque
524 766 602 810 rero
616 767 701 834 opus
717 761 765 814 est
781 769 818 812 ec
835 745 1028 828 subtilitate,
1050 767 1115 834 quc
1132 746 1294 834 Spaldin-

234 837 306 926 gi'us
321 837 354 898 ia
371 831 464 898 tuuc
481 833 594 918 sntiq.
622 837 652 914 1,
678 835 733 900 71.
756 833 861 898 sicubi
887 834 1045 897 transitus
1063 831 1104 898 ad
1124 833 1294 899 minorem

232 943 306 988 ram
326 917 394 999 fiat,
411 915 649 984 attendendum
667 939 738 984 esse
756 920 820 998 cit,
849 918 976 984 maiora
1000 919 1189 986 minoribus
1206 937 1293 985 con-

234 999 336 1075 tineri
358 1003 526 1090 simulque
551 1026 629 1068 cum
661 1003 779 1070 iisdem
802 1004 903 1070 tribui
928 1004 1123 1092 unicuique,
1142 1087 1144 1092 Ι
1162 1003 1204 1069 de
1226 1023 1295 1092 qua

234 1103 361 1182 agetur,
376 1090 433 1156 ¹rei
450 1089 502 1155 vel
526 1100 700 1177 personae.
739 1091 853 1159 Etiam
874 1089 1005 1158 minora
1030 1100 1171 1182 possunt
1196 1113 1295 1158 acce·-

146 1241 153 1249 .
233 1179 314 1247 dere
329 1177 370 1242 ad
386 1173 526 1242 maiora.
792 1196 794 1202 ·
1036 1204 1037 1212 ¹
1145 1200 1166 1221 ’ν

261 1304 264 1312 ’
309 1323 314 1331 ·
335 1303 430 1374 Neqac
449 1275 613 1373 reprehendi
631 1301 769 1378 debebunt
799 1301 872 1356 irasc
892 1301 928 1355 ari
952 1299 1296 1370 Quirit.7,1⁴l.audislia

242 1397 248 1406 “
301 1406 333 1446 eo
355 1399 471 1460 tempore
492 1389 631 1441 clarissimi
659 1389 711 1442 oiri
732 1407 787 1440 aaa
810 1389 893 1440 sclam
920 1391 1117 1459 auctoritatem,
1146 1391 1191 1444 aed
1213 1393 1296 1448 etiam

285 1475 474 1568 testimoniam,
487 1475 517 1526 la
538 1475 626 1527 Gellii.
648 1491 738 1544 aeque
753 1491 788 1528 en
802 1490 873 1542 quae
889 1491 913 1528 c.
929 1472 957 1540 2,
973 1473 1000 1527 l.
1016 1473 1159 1546 leguntur.

336 1599 394 1654 ctc.
407 1615 433 1668 p.
450 1589 482 1652 0.
497 1599 597 1657 naurs.
615 1599 641 1666 5,
657 1597 701 1654 16.
717 1601 815 1654 taram
829 1601 899 1654 enim
912 1601 1029 1655 omnium
1042 1619 1130 1654 reram
1144 1620 1196 1654 aaa
1208 1603 1294 1656 sctum

300 1694 407 1742 leucaten
422 1693 500 1755 atque
514 1687 661 1756 perpessio,
678 1687 821 1738 sedetiam
845 1684 971 1752 conditio,
997 1687 1169 1757 exspectatio,
1187 1677 1296 1740 ‘mealia

241 1779 247 1788 '
300 1773 361 1842 ipsa
370 1773 477 1840 denique
492 1771 604 1842 indigua
620 1773 674 1825 cine
685 1789 795 1824 romano
809 1771 996 1842 atqaelroraiae
1005 1771 1086 1826 litero
1100 1781 1147 1826 est.
1162 1789 1189 1840 p.
1204 1771 1296 1826 Marc.

300 1855 344 1925 lu,
359 1857 402 1910 32.
421 1865 507 1921 restat,
522 1866 550 1910 at
565 1873 651 1910 omncs
665 1873 747 1908 naum
762 1855 851 1920 uelint,
867 1857 912 1928 qui
924 1857 1000 1910 modo
1014 1857 1110 1910 halent
1125 1857 1228 1925 alicuid
1243 1876 1297 1910 aaa

216 2005 218 2008 ¹
300 1943 384 1996 salum
399 1941 560 2012 sapientiae,
582 1945 627 1998 sed
642 1945 721 1997 eliam
733 1927 866 2018 aa'aitatis.
886 1943 966 2010 Quod
981 1941 1125 2013 Reisigius
1146 1941 1296 2014 efflagitat,

282 2025 410 2081 invenit
429 2026 553 2080 Hessius
576 2026 604 2081 in
623 2025 685 2086 cod.
706 2027 802 2081 trevir.
826 2029 871 2098 qui
884 2021 981 2081 tabeat
998 2029 1099 2098 aliquid
1121 2047 1172 2080 acre
1188 2029 1297 2096 sapien·

302 2113 359 2167 tiae
370 2113 448 2166 niodo
462 2119 515 2166 etc·
539 2111 647 2167 Taurea
668 2113 752 2166 etiarn
767 2112 883 2183 vulgata
898 2113 1012 2166 detondi
1024 2111 1126 2182 poterit
1138 2113 1296 2180 scripturas

302 2201 345 2252 est
364 2195 454 2264 caim,
472 2215 527 2252 acu
547 2200 637 2254 nolum
653 2197 714 2252 alico
733 2198 913 2270 sapientiam,
929 2198 979 2252 aed
999 2199 1086 2254 ctiam
1102 2197 1262 2282 sanitatem.

254 2343 255 2348 ’
318 2328 373 2390 81.
410 2320 448 2386 In
474 2343 534 2388 usu
560 2324 740 2390 verborum
773 2348 843 2390 aaa
867 2335 1006 2392 ianuam
1025 2351 1069 2376 -···
1093 2322 1158 2390 sed
1184 2323 1296 2389 etiam

233 2431 338 2498 quum
355 2408 464 2474 omnis
482 2411 530 2476 vis
548 2420 580 2474 et
597 2411 785 2500 proprietas
800 2409 841 2476 ad
856 2421 1011 2476 naturam
1035 2409 1187 2476 vocabuli
1209 2421 1296 2474 tan·

233 2509 307 2648 trpn
321 2491 442 2647 Qui
457 2493 594 2573 debeat,
615 2496 657 2564 de
676 2518 715 2562 eo
734 2496 855 2576 dicam,
874 2496 931 2563 ubi
947 2495 1045 2562 huius
1060 2507 1215 2562 naturam
1231 2517 1296 2561 ex-

232 2605 320 2672 prcu
404 2623 416 2646 .

317 2715 372 2776 82.
402 2707 526 2788 Restat,
550 2716 593 2772 ut.
609 2705 649 2772 de
676 2705 793 2774 ordine
815 2707 992 2774 verborum
1017 2707 1052 2773 in
1069 2705 1121 2772 his
1137 2705 1295 2772 formulis

233 2795 353 2863 dicam.
396 2797 504 2882 Atque
527 2817 568 2860 ex
592 2793 674 2859 locis
699 2795 804 2860 allatis
830 2795 997 2882 colligitur
1024 2817 1090 2858 non
1120 2795 1295 2859 sinciusta

233 2902 346 2948 caussa
370 2886 584 2966 negationem
613 2891 669 2950 cut
692 2901 770 2946 cum
804 2881 906 2946 altera
933 2880 1094 2969 particula
1123 2879 1294 2964 coniungi,

233 2977 290 3036 aut
313 2968 514 3054 interposito
538 2967 603 3034 ulio
628 2969 764 3034 nomine
793 2967 920 3055 seiungi
938 2966 978 3032 ab
1000 2988 1048 3030 ea.
1090 2964 1176 3030 Illud
1192 2976 1295 3030 nctu-

232 3053 294 3120 rali
310 3053 620 3142 negationisnexu,
640 3053 706 3118 hoc
732 3063 843 3118 autern
871 3075 931 3138 per
953 3053 1197 3128 inversionem,
1229 3073 1295 3138 qua
1329 3067 1334 3070 ·
1362 3119 1367 3128 ,

232 3139 341 3205 maior
358 3149 504 3228 potestas
524 3137 685 3204 vocabulo
703 3140 873 3204 interiecto
891 3137 1066 3215 tribuatur,
1081 3137 1154 3204 lieri
1170 3137 1293 3202 docent

231 3225 452 3313 grammatici.
513 3226 717 3306 Quodnon
747 3222 886 3290 omnino
913 3243 1026 3290 verum
1054 3223 1139 3288 mihi
1162 3222 1295 3288 videtur

232 3334 313 3379 esse.
357 3312 445 3376 Num
461 3310 496 3376 in
514 3333 584 3376 acra
598 3311 711 3389 modo,
728 3311 923 3376 acn'solum
937 3310 1062 3376 accedit
1078 3310 1211 3397 negatio
1226 3308 1295 3374 iarn

231 3399 384 3466 restricta
398 3397 438 3462 cd
456 3397 672 3462 sententiame
697 3397 753 3462 ubi
765 3407 885 3462 autern
904 3397 985 3461 haec
1002 3396 1160 3460 vocabula
1186 3397 1295 3460 inter·

231 3485 343 3572 posito
361 3483 498 3549 nomine
521 3484 760 3572 seiunguntur,
791 3495 946 3571 neppturn
971 3485 1095 3547 nomen
1119 3481 1295 3568 restringi·

232 3581 305 3634 turs
329 3567 488 3647 unde-fit,
507 3580 545 3634 ut
565 3569 622 3634 illo
640 3568 743 3634 modo
768 3572 863 3656 prior
880 3591 958 3658 pars
984 3568 1165 3640 sententiae
1188 3568 1295 3654 magis

231 3653 458 3742 reprimatur,
482 3653 583 3720 ultera
610 3654 800 3722 attollatur:
834 3655 867 3720 id
895 3654 986 3743 quod
1019 3655 1172 3719 merisne·
1192 3654 1227 3718 in
1252 3673 1294 3716 co

232 3741 455 3828 conspicitur,
486 3741 594 3825 quod,
626 3741 858 3830 ubisimplex
892 3737 954 3806 secl
983 3742 1151 3826 sequitur,
1193 3737 1295 3804 verba

231 3849 301 3891 noa
324 3824 428 3890 modo
451 3823 521 3890 fere
542 3849 612 3892 non
628 3828 857 3916 seiunguutur.
902 3824 981 3892 Noa
1002 3825 1104 3910 matio
1125 3824 1295 3890 lacrimas

232 3912 335 3985 lam„
365 3910 429 3976 ced
452 3912 581 3977 multas
604 3913 828 3979 lacrimas-el
848 3911 976 4002 fletum
999 3913 1114 3978 udas
1133 3911 1294 3997 potuisti·

230 3997 403 4064 Distractis
418 3995 483 4062 illis
506 3999 674 4066 vocabulis
696 4011 809 4065 manet
833 4000 950 4085 cuique
978 4000 1026 4064 vis
1049 3994 1239 4086 singularis,
1262 4003 1296 4060 et

231 4082 406 4172 respriori
423 4081 499 4149 loco
515 4083 602 4152 dicta
618 4107 688 4152 aon
715 4087 826 4150 minus
850 4087 1029 4174 spectanda
1053 4095 1103 4148 cst
1125 4099 1225 4172 quam
1241 4081 1295 4146 cl·-
1429 4133 1430 4142 ,

155 4227 166 4231 -
232 4181 316 4240 tera.
372 4171 572 4260 Comparari
599 4181 713 4264 potest
734 4193 817 4246 astu
839 4171 1020 4242 verboram
1049 4191 1121 4238 aaa
1143 4167 1295 4258 quidem·
1342 4257 1346 4268 ι

537 4319 539 4323 ,
831 4303 840 4328 l
1006 4298 1008 4302 ’
