2870 4760
289 281 408 406 ar}
719 329 921 402 runnu.

290 534 296 557 .
357 497 970 576 spumantemamnem-
995 501 1369 579 mencionem

357 587 385 654 9,
403 586 445 654 17,
463 586 490 644 0.
509 585 640 654 Penne,
658 589 685 640 1.
704 587 749 654 1⁵,
759 590 786 646 1.
806 597 838 644 at
850 591 897 646 diu
911 589 1198 660 petraepontem,
1217 609 1292 662 quae
1307 611 1369 646 arae
1421 597 1422 616 ’

231 727 235 735 ,
355 675 508 745 praecipere
520 675 631 728 dederes·
650 673 741 728 Tacit.
757 674 828 734 dnn.
844 673 872 740 2,
893 673 939 748 ¹²2

394 765 452 822 cte.
468 766 496 822 in
513 765 588 819 Vere.
603 766 629 831 7,
643 765 686 831 70,
702 767 763 820 109.
782 769 826 840 put
838 795 874 809 -
891 769 950 822 dene
963 768 1064 836 penitus
1090 769 1119 822 r'n
1134 768 1211 822 istius
1222 770 1366 836 santilia-

258 823 291 902 Ι.
354 853 463 906 ritatem
480 870 534 908 rere
555 854 638 908 dedit.
673 854 742 905 Vide
758 853 839 911 Torn-
856 853 882 906 2.
905 871 931 920 p.
949 850 977 904 4.
998 855 1085 906 Reate
1103 854 1189 928 aeorit
1206 853 1365 924 Zumptiue
1421 895 1423 906 .

354 937 480 992 additum
497 938 555 990 dene
571 955 624 990 non
640 954 721 1006 porse
735 937 862 992 excusari
876 937 931 990 nisi
949 935 1002 990 ioci
1026 939 1147 992 nomae.
1172 937 1266 994 Tacit.
1290 943 1363 1014 Agr.

354 1024 399 1078 40.
417 1023 627 1092 tranquillitatem
643 1031 721 1092 atque
737 1025 816 1080 otium
829 1025 931 1096 penitus
946 1024 1029 1076 auxit.

288 1199 292 1206 ·
371 1163 404 1224 7.
432 1156 572 1244 Proprie
595 1155 677 1222 hoec
698 1157 860 1308 particulo
891 1159 1107 1244 coniungitur
1130 1177 1209 1223 oum
1232 1159 1360 1242 verbis,

286 1267 371 1336 quae
391 1241 577 1332 significant
596 1244 694 1330 aliqui
737 1242 808 1310 fieri
830 1267 872 1310 ox
894 1246 1014 1311 intimo
1035 1245 1159 1309 animo.

388 1355 447 1408 Cia.
462 1354 496 1406 ed
512 1353 589 1407 Fam.
604 1355 648 1422 10,
663 1355 691 1421 8,
706 1355 734 1408 2.
759 1365 784 1410 te
795 1357 897 1427 penitus
908 1373 984 1426 rogo.
999 1353 1043 1421 lt,
1060 1354 1105 1424 00,
1121 1355 1147 1409 1.
1168 1373 1227 1410 eam
1243 1357 1295 1410 uus·
1304 1375 1358 1428 pe·

353 1443 426 1498 ottus
436 1432 583 1494 wnmenda
602 1447 681 1510 atque
695 1443 785 1495 uada.
824 1441 923 1494 Horat
947 1439 1039 1492 Germ.
1061 1440 1088 1505 1,
1110 1439 1156 1505 21,
1178 1440 1205 1494 0.
1219 1429 1303 1496 dieite
1320 1467 1358 1484 -·

354 1529 487 1582 Latonam
502 1526 757 1594 supremodr'lectam
772 1527 873 1596 perettus
888 1527 949 1578 leui.
974 1523 1063 1578 Teait.
1087 1523 1158 1578 Ann-
1183 1525 1206 1592 1,
1228 1523 1274 1578 52.
1299 1543 1358 1580 are·

353 1611 468 1668 muravit
487 1635 516 1648 -
541 1610 633 1679 magu
655 1610 817 1680 inspeciem
841 1612 922 1664 uerbis
942 1612 1075 1665 adornata
1099 1631 1179 1682 quaen
1200 1619 1230 1665 at
1250 1613 1358 1682 perdtus·

351 1699 446 1754 sentire
463 1694 619 1747 crederetur.
654 1693 733 1746 curt.
750 1693 777 1764 8,
794 1695 821 1762 3,
836 1695 863 1753 0.
882 1696 987 1765 perettus
1002 1697 1113 1752 naerens
1137 1714 1212 1752 amor
1229 1698 1355 1764 saeta'dr'e

352 1781 528 1852 praoeerrtr'urn
544 1795 664 1831 neceam
681 1786 727 1832 ert.
798 1837 801 1844 Ι

368 1899 397 1962 8.
425 1896 766 1978 velletrensem.
786 1893 928 1960 Pontius
943 1896 1120 1962 Telesinus
1136 1935 1172 1950 -
1194 1899 1255 1963 vir
1270 1899 1353 1964 ani·

283 1982 334 2050 mi
352 1980 494 2071 bellique
505 1977 722 2072 fortissimus
742 1983 943 2071 penitusque
965 2005 1110 2048 romano
1135 1985 1269 2050 nomini
1290 1987 1352 2050 ia-

274 2068 499 2162 festissimae.
531 2069 577 2132 Ad
603 2069 682 2132 haec
700 2067 938 2144 Ruhnkeoius:
962 2072 1059 2155 „quis
1082 2092 1242 2156 umquam
1264 2094 1352 2158 pro-

283 2179 338 2239 spe
356 2153 517 2221 orationis
541 2154 741 2243 scriptorum
753 2154 905 2240 penitus,
928 2165 984 2217 aut
999 2155 1119 2220 similia
1136 2179 1211 2222 curn
1225 2155 1350 2246 duper·
1422 2221 1423 2244 ἶ

165 2261 167 2270 ’
228 2280 236 2289 ·
282 2243 383 2310 lativo
407 2237 541 2306 iunxit?
562 2241 739 2327 Propertio
761 2250 794 2302 ut
809 2251 927 2328 poetae
947 2241 1038 2307 licuit
1053 2241 1194 2306 fortasse
1207 2265 1349 2329 eompa-

281 2331 389 2396 ratiro
413 2329 560 2416 iungere,
585 2327 645 2391 nisi
666 2349 729 2406 nos
745 2326 868 2390 librarii
893 2326 1080 2404 fallundi,
1100 2331 1150 2407 16,
1169 2333 1217 2393 17.
1235 2328 1349 2394 ianua

282 2415 341 2482 vel
360 2413 504 2480 damiaa
521 2413 663 2500 penitus
684 2411 857 2479 enudatior
879 2412 994 2500 ipsa.“
1031 2413 1172 2480 Librorii
1193 2437 1263 2480 non
1280 2411 1348 2480 fal·

281 2502 367 2579 lunt,
399 2509 458 2566 nec
492 2499 662 2588 probanda
687 2509 744 2562 est.
765 2499 952 2564 coniectura
978 2497 1207 2602 Rosentiepnii
1238 2502 1348 2590 geni-

281 2599 410 2676 taeque,
438 2609 499 2650 nec
526 2584 613 2672 apud
642 2585 858 2670 Propertium
891 2583 1035 2650 Paldami
1068 2587 1215 2652 tumidus.
1259 2587 1347 2652 Nam
1421 2641 1422 2668 ,

280 2675 419 2764 penitus
441 2695 503 2822 per
528 2693 563 2736 se
587 2681 717 2736 constat
741 2669 776 2734 in
799 2681 941 2760 utroque
963 2670 1042 2736 loeo
1064 2669 1254 2760 significans
1274 2673 1346 2738 ima
1376 2727 1379 2734 .

282 2771 384 2849 atque
409 2769 443 2824 to
460 2783 480 2823 a
498 2757 635 2834 animo,
668 2756 872 2821 aaronica
900 2756 1019 2822 darete.

364 2875 398 2936 9.
421 2869 528 2934 Aliam
547 2867 692 2934 adverbii
714 2865 858 2932 formam
871 2867 1001 2968 p'eaite,
1019 2889 1106 2954 ¹qaae
1122 2867 1209 2956 opud
1226 2869 1345 2936 Catul-

280 2955 353 3024 lum
367 2955 555 3040 legitur61‚
575 2959 647 3022 170.
670 2953 725 3020 illi
739 2976 809 3024 non
830 2975 942 3018 mentre
962 2952 1091 3020 acttidi
1106 2966 1248 3041 pectore
1273 2957 1343 3023 u'n'-
1420 3001 1421 3030 r

281 3042 475 3108 turintimo
487 3039 654 3130 flamma,
679 3037 742 3104 sed
756 3039 875 3126 penite
895 3039 1023 3128 magis,
1041 3041 1153 3127 negari
1177 3063 1248 3106 non
1277 3067 1343 3131 po-
1420 3031 1421 3084 t

279 3137 343 3194 test
362 3139 492 3194 exstare
512 3127 545 3190 in
562 3126 705 3214 antiquis
721 3124 825 3208 libris,
843 3145 952 3213 neque
969 3147 1005 3192 ea
1021 3121 1055 3191 in
1069 3148 1105 3190 se
1122 3125 1232 3211 habor,
1252 3129 1343 3218 quod

184 3222 187 3230 ⁴
279 3214 556 3304 reprehendatur.
602 3293 605 3300 Ι

368 3340 419 3400 10.
443 3329 699 3420 comparativus
711 3329 878 3418 penitius,
894 3349 993 3414 quem
1010 3331 1190 3419 scriptores
1204 3342 1342 3399 nostrae
1419 3341 1420 3348 ’

280 3421 393 3501 notetis
416 3439 526 3506 saepe·
540 3426 712 3502 usurpent,
742 3415 832 3480 nulla
857 3415 991 3482 defendi
1038 3427 1124 3482 otest
1146 3418 1341 3484 arietaritste

279 3510 431 3592 antiques
455 3525 515 3569 nea
530 3513 733 3568 tamencum
751 3501 945 3653 Spaldingio
962 3503 996 3570 in
1052 3525 1130 3568 usco
1145 3502 1249 3590 antiq.
1266 3503 1290 3568 1.
1311 3511 1341 3570 1.

277 3616 313 3684 p.
338 3597 391 3659 92.
418 3613 480 3656 neo
505 3611 582 3654 eum
606 3587 750 3676 Reisigio
800 3599 954 3652 ruminat.
973 3610 1004 3676 p.
1028 3589 1101 3653 171.
1121 3589 1266 3654 dixerim
1282 3588 1339 3654 ab·

278 3678 416 3744 surdam
433 3697 504 3741 esse
519 3675 605 3739 hanc
620 3672 948 3751 formem-vocabuli,
973 3675 1062 3760 quod
1080 3675 1256 3752 conveniat
1272 3697 1340 3762 po-

276 3766 345 3830 tius
375 3783 452 3828 eum
478 3759 651 3826 vocabulis
679 3758 851 3826 radicitus
880 3771 914 3826 et
924 3793 927 3798 ·
931 3756 1108 3848 siraditue.
1153 3749 1340 3826 Priscianus

279 3849 368 3916 euim
395 3853 425 3914 0.
452 3867 486 3933 p.
507 3847 580 3913 699.
603 3857 685 3914 ante
710 3845 875 3921 anterior,
894 3845 1033 3932 penitus
1044 3846 1209 3932 panitiar.
1234 3847 1340 3934 Apud.

277 3935 316 4001 ia
340 3939 371 3998 1.
399 3931 661 4020 Hermagorae:
705 3929 742 3995 V
742 3931 812 3996 isus
835 3942 887 3997 eet
915 3931 950 3996 ei
973 3928 1172 3998 adolescens
1194 3933 1341 3998 trunceta

270 4017 407 4112 sanna,
429 4016 531 4107 quasi
545 4015 595 4082 ad
608 4017 751 4104 nuptias
767 4028 962 4102 exornatur,
976 4019 1115 4084 trahere
1130 4041 1167 4084 se
1183 4019 1221 4084 ia
1231 4017 1340 4105 peni-

278 4107 409 4174 tiorem‘
442 4115 554 4172 artem
569 4101 703 4170 damus.
746 4101 790 4171 Et
810 4105 918 4192 potuit
928 4103 1081 4190 penitius
1102 4103 1182 4188 dici,
1213 4125 1254 4171 ex
1271 4125 1339 4190 quo

270 4125 479 4280 procubuisse
492 4188 535 4261 de
552 4187 731 4282 profundis
746 4184 845 4259 mbas
861 4189 1013 4279 usurpari
1029 4190 1152 4280 coepit.
1182 4185 1339 4280 Profue-

1418 831 1423 878 t
