2854 4750
1102 314 1111 352 l

270 397 331 460 m
496 477 501 482 ,
639 385 736 452 uec.
780 383 942 469 unove.

367 557 430 613 'Cia
456 551 608 623 trouu,
629 556 674 621 19,
695 555 740 610 tt.
768 559 847 611 immo
871 558 1021 628 intelligat,
1042 555 1109 610 otttt
1123 574 1168 609 nec
1196 557 1326 627 eopedire‚

337 644 550 705 necatricem,
568 642 683 710 quodcit
704 643 836 696 inimtam.
872 643 906 694 dc
931 643 1001 709 ch.
1029 640 1055 708 1,
1071 640 1097 694 6.
1122 643 1192 694 nihil
1214 659 1262 695 nec
1284 643 1328 695 di-

339 729 431 782 diciorc
446 744 569 794 umquam
582 742 629 778 nec
646 727 742 778 docere.
778 727 812 778 tle
829 728 884 780 off.
896 727 923 792 3,
941 727 967 792 8,
984 725 1029 780 tt.
1048 727 1082 780 ad
1098 727 1175 778 Fam.
1189 725 1327 792 13,1,14.

234 813 237 818 ’
339 813 402 866 Liv.
417 810 461 876 35,
477 810 520 875 1⁰,
536 809 562 864 l.
583 811 652 863 niitil
666 827 712 862 nec
727 811 838 879 petierat
856 829 873 862 a
886 814 983 881 populo
1003 818 1063 881 poet
1083 814 1265 880 triumphum,
1283 799 1329 866 neo

338 899 449 966 adeptae
473 903 539 948 crat.
574 893 618 959 31,
634 894 702 960 (12.
721 897 789 948 nillil
812 898 881 949 enirn
903 915 950 949 nec
972 897 1108 966 legatione
1124 875 1330 960 Atheniensium,

338 1000 384 1034 nec
400 981 504 1050 placido
519 980 641 1048 Africani
658 997 778 1050 responso
795 987 940 1050 profertum
957 982 1086 1034 videbam.
1122 979 1179 1033 cic.
1197 982 1231 1034 ad
1249 983 1330 1035 Fam.

337 1064 464 1132 2,19,2.
481 1072 654 1134 posteaquam
673 1065 739 1118 milli
760 1066 828 1118 nillil
844 1083 923 1134 neque
948 1084 965 1118 a
989 1073 1015 1118 te
1037 1067 1097 1134 ipco
1118 1082 1199 1134 acque
1221 1067 1255 1118 ab
1274 1067 1329 1118 allo

337 1152 391 1206 alio
415 1151 447 1204 de
471 1151 584 1203 aduentu
606 1147 652 1203 tuo
674 1151 833 1204 scriberetur
853 1155 905 1203 etc.
938 1125 969 1218 3,
989 1149 1016 1216 1,
1037 1147 1080 1204 14.
1111 1167 1139 1219 p.
1161 1151 1245 1202 lton.
1266 1136 1329 1204 nm.

339 1233 456 1300 28,18.

1154 1291 1161 1320 Ι

375 1337 437 1390 [riv.
462 1334 530 1401 4,·1,
548 1335 575 1388 5.
604 1342 787 1404 praeterquam
813 1338 880 1404 quod
900 1337 972 1389 nullo
994 1354 1038 1389 nec
1060 1336 1174 1406 exemplo
1201 1353 1248 1388 nec
1271 1337 1330 1389 iure

331 1426 418 1492 fieret.
451 1420 478 1486 6,
500 1421 543 1486 16,
559 1419 585 1473 3.
601 1422 698 1473 nullius
719 1437 767 1471 nec
788 1422 855 1473 oculi
879 1439 927 1474 nec
952 1439 1029 1474 auree
1049 1422 1240 1492 indignitatem
1255 1427 1330 1490 sere-

338 1511 411 1562 bant.
445 1505 530 1573 34,1,
547 1501 573 1558 5.
603 1514 740 1559 matronae
763 1507 838 1558 uallo
863 1523 909 1558 aec
933 1508 1088 1558 auctoritate
1108 1523 1154 1558 nec
1175 1508 1331 1580 uerecundia

339 1609 385 1644 aec
413 1593 531 1662 imperio„
552 1591 668 1642 uirorum
700 1590 828 1642 contineri
857 1591 947 1644 limine
973 1598 1100 1658 poterant.
1135 1587 1186 1656 38,
1210 1589 1262 1655 53,
1285 1589 1330 1646 11.

339 1676 465 1744 Propert.
481 1676 508 1741 2,
525 1675 569 1740 19,
590 1673 663 1743 (15,)
677 1674 703 1728 5.
721 1675 877 1728 Nemesion.
894 1675 956 1728 Eoi.
969 1675 996 1740 2,
1010 1671 1055 1726 43.

327 1818 330 1824 .
347 1808 349 1814 -
374 1777 433 1831 (iic.
451 1778 485 1830 dc
496 1778 570 1846 {Lem
585 1778 611 1844 1,
627 1775 654 1842 8,
668 1775 712 1830 24.
730 1778 840 1845 ipsisque
857 1780 885 1830 in
901 1779 1046 1845 lonhibuc
1060 1779 1135 1830 nullo
1150 1795 1217 1847 gena
1230 1786 1268 1830 eet
1283 1797 1331 1833 ne·

258 1915 260 1920 ,
339 1882 389 1934 que
411 1871 466 1918 tam
487 1871 624 1916 moneucta
641 1880 722 1930 neque
738 1869 795 1914 tom
814 1866 899 1929 sera,
917 1881 984 1931 quae
1003 1881 1073 1927 non,
1096 1864 1201 1916 etiamsi
1216 1863 1329 1934 ignoret,

335 1950 443 2016 qualem
459 1949 555 2000 holere
571 1949 647 2000 deam
661 1948 759 2010 deceat,
778 1954 867 2000 tamea
883 1947 1032 2000 labendum
1047 1947 1123 2000 aciat·
1143 1947 1188 2002 vd.
1204 1946 1266 2000 mli.
1295 1948 1330 2001 dc

338 2031 401 2090 mv.
416 2019 483 2096 151,
499 2029 531 2082 4.ι
551 2039 656 2101 gentem
678 2031 779 2100 quidem
796 2033 896 2084 nullam
910 2033 982 2084 video
1005 2049 1086 2100 neque
1105 2041 1163 2084 tam
1185 2035 1331 2086 humanam

235 2179 238 2186 ⁴
340 2127 416 2186 atque
432 2113 551 2177 dottam,
572 2132 653 2182 neque
667 2124 721 2168 tam
742 2118 879 2169 immonem
894 2125 1000 2183 tamque
1014 2118 1175 2180 tartarum,
1194 2135 1260 2186 quae
1276 2136 1332 2170 non

342 2203 491 2271 significari
501 2207 647 2270 futura-
664 2207 773 2253 cerueot.
808 2200 843 2252 dc
863 2199 919 2253 off.
942 2200 968 2264 1,
983 2199 1009 2265 2,
1026 2199 1052 2254 4.
1087 2199 1152 2254 ntia
1171 2202 1261 2254 multa
1280 2217 1331 2255 cx-

339 2288 433 2356 empla
451 2284 565 2354 collegit
580 2284 734 2337 Beneckius
749 2285 783 2338 ml
796 2285 892 2338 lustin.
906 2283 951 2349 25,
965 2283 991 2350 5,
1006 2283 1033 2338 3.

337 2445 339 2458 .
377 2403 490 2458 Terent.
507 2405 577 2456 Eun.
594 2402 621 2468 1,
636 2401 663 2466 2,
678 2401 721 2458 lii.
741 2404 820 2456 lacteo
835 2405 878 2456 tte
893 2403 1022 2457 neminem
1037 2421 1118 2473 nequa
1134 2409 1224 2456 notum
1243 2423 1327 2474 neque

260 2485 263 2497 ’
338 2497 487 2557 cognatum.
522 2488 579 2542 Cic.
599 2507 626 2557 p.
646 2489 728 2542 Rosa
754 2488 817 2540 Am.
839 2486 874 2552 8,
900 2487 1034 2564 numi·
1054 2487 1105 2553 38,
1125 2487 1169 2552 59,
1185 2489 1228 2540 11.
1269 2493 1329 2544 Cic.

332 2571 375 2624 'ad
400 2572 494 2637 Actu,
509 2574 534 2626 1.
559 2591 671 2641 quarum
691 2589 764 2624 nemo
778 2590 823 2624 nec
846 2573 950 2625 ctultior
970 2579 1008 2626 eet
1033 2591 1112 2641 quom
1135 2575 1165 2625 L.
1190 2575 1328 2641 Domitium,

337 2673 385 2707 nec
402 2657 586 2710 inconstantior
609 2675 687 2726 qaam
710 2657 779 2726 App.
802 2657 937 2710 Claudius.
980 2658 1013 2710 de
1037 2658 1092 2711 Off.
1115 2657 1148 2722 2,
1164 2657 1258 2724 5,11.
1283 2678 1329 2713 ne-

338 2741 434 2792 minem
455 2759 535 2809 neque
559 2743 650 2794 ducem
673 2742 734 2794 belli
746 2758 793 2792 nec
807 2743 951 2812 principem
968 2732 1163 2812 domimagnac
1182 2760 1223 2794 rec
1238 2751 1264 2795 et
1281 2762 1328 2796 eo·
1419 2793 1420 2796 ,

339 2825 437 2876 tutaret
457 2825 513 2878 cine
534 2827 666 2878 dominum
690 2827 898 2896 aladiie'gcrere
918 2827 1039 2896 potuisse.
1081 2825 1115 2878 dc
1136 2824 1213 2878 orat.
1233 2826 1260 2891 1,
1283 2825 1327 2894 29,

339 2908 401 2960 132.
418 2925 468 2978 ego
498 2910 565 2962 enim
579 2912 710 2965 neminem
732 2928 779 2962 nec
800 2920 873 2964 motu
899 2912 1027 2980 emporia,
1051 2927 1132 2980 neque
1150 2901 1208 2979 'ipro
1232 2912 1328 2964 lectita

340 3001 419 3060 atquc
433 2996 525 3059 sermo
546 2990 701 3063 aptiorem,¹
715 3011 762 3046 nec
783 3011 842 3047 uoce
859 2997 1000 3064 pleniorem
1022 2996 1070 3046 aut
1089 2995 1234 3048 suaviorem
1259 2997 1327 3050 milei

341 3078 431 3128 uideor
450 3079 564 3212 ‹paairee
587 3077 680 3131 tlibi
701 3077 802 3133 dicitur
824 3098 900 3134 nemo
922 3087 1019 3134 aut-
1034 3086 1088 3131 aut.
1123 3081 1202 3132 Caco.
1222 3081 1257 3134 B.
1273 3081 1326 3134 civ.
1419 3099 1420 3121 ¹

340 3159 368 3224 3,
385 3159 428 3211 rt.
472 3161 543 3226 ,61.

377 3277 436 3330 Liv.
449 3276 493 3342 43,
511 3277 597 3343 13,1.
614 3297 665 3332 non
683 3297 740 3332 cum
758 3280 875 3345 acaciae,
892 3281 927 3334 ab
948 3281 1039 3334 eadem
1065 3281 1251 3352 negligentia,
1273 3299 1326 3350 qao

339 3363 407 3416 etta
422 3364 482 3415 deos
496 3366 648 3439 portendere
660 3366 742 3434 'uolgo
764 3382 832 3416 nune
853 3367 976 3431 credant,
995 3385 1077 3436 neque
1096 3367 1215 3418 nuntiari
1233 3369 1327 3420 admo·
1418 3417 1419 3426 ,

341 3450 403 3500 dam
418 3450 492 3500 nulla
506 3451 631 3520 prodigia
646 3451 674 3501 in
689 3449 838 3518 pullicum,
856 3467 936 3517 neque
951 3453 979 3502 in
989 3454 1098 3504 annalee
1111 3451 1213 3519 referri.
1254 3451 1326 3504 Gra·-
1418 3447 1419 3506 ἶ

342 3532 438 3584 novius
471 3533 588 3586 correxit
618 3535 689 3586 ulla:
716 3531 787 3600 quot
819 3535 853 3585 ob
882 3534 972 3601 iprum
994 3536 1159 3588 vocabalum
1183 3537 1326 3595 admodum

341 3633 394 3669 non
426 3625 515 3684 potest
538 3619 665 3688 probarit
705 3617 849 3672 collocatio
878 3620 1027 3671 verborum
1058 3619 1180 3673 inveniet
1211 3637 1325 3674 excusa·

340 3701 450 3754 tionem.
496 3715 498 3722 ’
548 3731 549 3735 =

358 3875 390 3934 9.
413 3872 573 3936 Potestin
591 3871 653 3934 hac
668 3871 913 3958 compositione
930 3872 1069 3938 aiterum
1084 3872 1174 3958 prius
1192 3873 1322 3937 omitti:
1417 3887 1418 3893 ’

274 3959 556 4038 quemadmodum
582 3980 645 4043 pro
665 3979 721 4034 ec,
754 3958 843 4044 quod
869 3960 1043 4023 Gronorio
1070 3959 1210 4044 placuit:
1232 3959 1325 4046 quod

220 4049 226 4058 '
274 4040 363 4104 nitu-'l
378 4066 483 4130 neque
497 4042 622 4117 silvae,
648 4066 753 4130 neque
777 4044 826 4108 acl
853 4045 1003 4109 incidiae
1027 4042 1242 4108 latebrarum
1257 4047 1324 4109 lca-

272 4122 413 4206 hebont‚
434 4128 544 4192 Livius
562 4133 615 4217 27,
632 4133 686 4201 41,
703 4131 735 4194 4.
758 4130 892 4217 scripsit
908 4133 998 4220 quod
1021 4130 1111 4196 nicil
1133 4131 1242 4196 cilone
1260 4154 1322 4197 ne·
1416 4161 1417 4214 ς

181 4264 186 4274 .
272 4212 594 4296 φιεαάὶιι.ἰιιί.1ι.
639 4213 692 4279 Cf.
715 4237 749 4280 n.
770 4223 796 4282 1.
817 4223 897 4282 eet.
