<?xml version="1.0" encoding="UTF-8"?>
<!DOCTYPE html PUBLIC "-//W3C//DTD XHTML 1.0 Transitional//EN"
    "http://www.w3.org/TR/xhtml1/DTD/xhtml1-transitional.dtd">
<html xmlns="http://www.w3.org/1999/xhtml" xml:lang="en" lang="en">
 <head>
  <title>
</title>
<meta http-equiv="Content-Type" content="text/html;charset=utf-8" />
  <meta name='ocr-system' content='tesseract 3.04.00' />
  <meta name='ocr-capabilities' content='ocr_page ocr_carea ocr_par ocr_line ocrx_word'/>
</head>
<body>
  <div class='ocr_page' id='page_1' title='image "./ferdinandihandi02torsgoog_0261.png"; bbox 0 0 2876 4752; ppageno 0'>
   <div class='ocr_carea' id='block_1_1' title="bbox 614 327 1215 432">
    <p class='ocr_par' dir='ltr' id='par_1_1' title="bbox 614 327 1215 432">
     <span class='ocr_line' id='line_1_1' title="bbox 614 327 1215 432; baseline 0.017 -11"><span class='ocrx_word' id='word_1_1' title='bbox 614 327 721 424; x_wconf 76' lang='lat' dir='ltr'>nou.</span> <span class='ocrx_word' id='word_1_2' title='bbox 771 403 775 413; x_wconf 93' lang='lat'><strong>.</strong></span> <span class='ocrx_word' id='word_1_3' title='bbox 832 403 836 410; x_wconf 90' lang='lat'><strong>.</strong></span> <span class='ocrx_word' id='word_1_4' title='bbox 1150 363 1215 432; x_wconf 73' lang='lat' dir='ltr'>aas</span> 
     </span>
    </p>
   </div>
   <div class='ocr_carea' id='block_1_2' title="bbox 207 521 1217 761">
    <p class='ocr_par' dir='ltr' id='par_1_2' title="bbox 207 521 1217 761">
     <span class='ocr_line' id='line_1_2' title="bbox 259 521 1217 610; baseline 0.01 -32"><span class='ocrx_word' id='word_1_5' title='bbox 259 523 351 578; x_wconf 73' lang='lat' dir='ltr'>Plani.</span> <span class='ocrx_word' id='word_1_6' title='bbox 368 521 431 578; x_wconf 69' lang='lat' dir='ltr'>llil.</span> <span class='ocrx_word' id='word_1_7' title='bbox 445 524 474 592; x_wconf 57' lang='grc' dir='ltr'><strong>λ</strong></span> <span class='ocrx_word' id='word_1_8' title='bbox 490 523 518 591; x_wconf 73' lang='grc'>’3,</span> <span class='ocrx_word' id='word_1_9' title='bbox 536 525 563 578; x_wconf 88' lang='lat' dir='ltr'>l.</span> <span class='ocrx_word' id='word_1_10' title='bbox 582 524 635 584; x_wconf 75' lang='lat' dir='ltr'>alai</span> <span class='ocrx_word' id='word_1_11' title='bbox 646 526 752 610; x_wconf 72' lang='lat' dir='ltr'>quidem</span> <span class='ocrx_word' id='word_1_12' title='bbox 768 540 821 596; x_wconf 74' lang='lat' dir='ltr'>ego</span> <span class='ocrx_word' id='word_1_13' title='bbox 837 525 915 590; x_wconf 63' lang='lat' dir='ltr'>toda</span> <span class='ocrx_word' id='word_1_14' title='bbox 928 527 1064 586; x_wconf 70' lang='lat' dir='ltr'>amadan</span> <span class='ocrx_word' id='word_1_15' title='bbox 1086 532 1217 588; x_wconf 75' lang='lat' dir='ltr'>dormiam</span> 
     </span>
     <span class='ocr_line' id='line_1_3' title="bbox 207 611 1214 749; baseline 0.01 -87"><span class='ocrx_word' id='word_1_16' title='bbox 207 611 252 749; x_wconf 51' lang='lat' dir='ltr'>{a</span> <span class='ocrx_word' id='word_1_17' title='bbox 267 611 382 749; x_wconf 50' lang='lat' dir='ltr'>gagatis,</span> <span class='ocrx_word' id='word_1_18' title='bbox 405 619 473 667; x_wconf 79' lang='lat' dir='ltr'>certe</span> <span class='ocrx_word' id='word_1_19' title='bbox 496 611 585 682; x_wconf 81' lang='lat' dir='ltr'>edepol</span> <span class='ocrx_word' id='word_1_20' title='bbox 606 611 660 665; x_wconf 70' lang='lat' dir='ltr'>noio</span> <span class='ocrx_word' id='word_1_21' title='bbox 687 617 742 664; x_wconf 83' lang='lat' dir='ltr'>ete.</span> <span class='ocrx_word' id='word_1_22' title='bbox 768 611 896 670; x_wconf 75' lang='lat' dir='ltr'>Triuiam.</span> <span class='ocrx_word' id='word_1_23' title='bbox 924 611 965 681; x_wconf 63' lang='grc' dir='ltr'>4,λ</span> <span class='ocrx_word' id='word_1_24' title='bbox 978 615 1004 680; x_wconf 76' lang='grc'>3,</span> <span class='ocrx_word' id='word_1_25' title='bbox 1022 615 1068 669; x_wconf 78' lang='grc'>56.</span> <span class='ocrx_word' id='word_1_26' title='bbox 1100 617 1170 674; x_wconf 75' lang='lat' dir='ltr'>cine</span> <span class='ocrx_word' id='word_1_27' title='bbox 1188 618 1214 686; x_wconf 90' lang='lat'>1,</span> 
     </span>
     <span class='ocr_line' id='line_1_4' title="bbox 242 732 311 761; baseline 0.014 -14"><span class='ocrx_word' id='word_1_28' title='bbox 242 733 250 761; x_wconf 87' lang='lat'><strong>,</strong></span> <span class='ocrx_word' id='word_1_29' title='bbox 302 732 311 748; x_wconf 86' lang='lat'><strong>.</strong></span> 
     </span>
    </p>
   </div>
   <div class='ocr_carea' id='block_1_3' title="bbox 132 803 1214 1262">
    <p class='ocr_par' dir='ltr' id='par_1_3' title="bbox 154 803 1214 1043">
     <span class='ocr_line' id='line_1_5' title="bbox 241 803 1214 892; baseline 0.005 -20"><span class='ocrx_word' id='word_1_30' title='bbox 241 805 293 872; x_wconf 76' lang='lat'>35.</span> <span class='ocrx_word' id='word_1_31' title='bbox 326 805 430 870; x_wconf 87' lang='lat' dir='ltr'>Sicuti</span> <span class='ocrx_word' id='word_1_32' title='bbox 447 803 610 870; x_wconf 85' lang='lat' dir='ltr'>vocabulo</span> <span class='ocrx_word' id='word_1_33' title='bbox 638 806 671 870; x_wconf 77' lang='lat' dir='ltr'>ci</span> <span class='ocrx_word' id='word_1_34' title='bbox 696 807 920 892; x_wconf 87' lang='lat' dir='ltr'>praemittitur·</span> <span class='ocrx_word' id='word_1_35' title='bbox 946 813 1129 876; x_wconf 86' lang='lat' dir='ltr'>sentcntiae</span> <span class='ocrx_word' id='word_1_36' title='bbox 1151 834 1214 878; x_wconf 86' lang='lat' dir='ltr'>ne·</span> 
     </span>
     <span class='ocr_line' id='line_1_6' title="bbox 156 891 1212 992; baseline 0.009 -37"><span class='ocrx_word' id='word_1_37' title='bbox 156 893 296 992; x_wconf 37' lang='lat' dir='ltr'>oter-idae</span> <span class='ocrx_word' id='word_1_38' title='bbox 328 913 440 956; x_wconf 79' lang='lat' dir='ltr'><strong>caussa</strong></span> <span class='ocrx_word' id='word_1_39' title='bbox 471 892 571 981; x_wconf 81' lang='lat' dir='ltr'>qaod,</span> <span class='ocrx_word' id='word_1_40' title='bbox 609 891 657 956; x_wconf 89' lang='lat' dir='ltr'>ita</span> <span class='ocrx_word' id='word_1_41' title='bbox 686 894 786 957; x_wconf 88' lang='lat' dir='ltr'>etiam</span> <span class='ocrx_word' id='word_1_42' title='bbox 816 895 985 982; x_wconf 89' lang='lat' dir='ltr'>praecedit</span> <span class='ocrx_word' id='word_1_43' title='bbox 1015 898 1212 987; x_wconf 70' lang='lat' dir='ltr'>particulam</span> 
     </span>
     <span class='ocr_line' id='line_1_7' title="bbox 154 1003 238 1043; baseline 0.024 -2"><span class='ocrx_word' id='word_1_44' title='bbox 154 1003 238 1043; x_wconf 66' lang='lat' dir='ltr'>mul·</span> 
     </span>
    </p>

    <p class='ocr_par' dir='ltr' id='par_1_4' title="bbox 132 1079 1212 1262">
     <span class='ocr_line' id='line_1_8' title="bbox 259 1079 1212 1180; baseline 0.006 -22"><span class='ocrx_word' id='word_1_45' title='bbox 259 1104 371 1158; x_wconf 84' lang='lat' dir='ltr'>Sueten.</span> <span class='ocrx_word' id='word_1_46' title='bbox 388 1079 453 1156; x_wconf 86' lang='lat' dir='ltr'>Tib.</span> <span class='ocrx_word' id='word_1_47' title='bbox 471 1102 516 1158; x_wconf 83' lang='lat'>62.</span> <span class='ocrx_word' id='word_1_48' title='bbox 537 1103 606 1172; x_wconf 78' lang='lat' dir='ltr'>qaod</span> <span class='ocrx_word' id='word_1_49' title='bbox 621 1093 673 1158; x_wconf 75' lang='lat' dir='ltr'>orit</span> <span class='ocrx_word' id='word_1_50' title='bbox 687 1123 746 1160; x_wconf 82' lang='lat' dir='ltr'>eaor</span> <span class='ocrx_word' id='word_1_51' title='bbox 763 1111 789 1162; x_wconf 82' lang='lat' dir='ltr'>et</span> <span class='ocrx_word' id='word_1_52' title='bbox 811 1121 882 1162; x_wconf 75' lang='lat' dir='ltr'>moer</span> <span class='ocrx_word' id='word_1_53' title='bbox 899 1107 1073 1180; x_wconf 81' lang='lat' dir='ltr'>praevenisset</span> <span class='ocrx_word' id='word_1_54' title='bbox 1085 1114 1110 1162; x_wconf 82' lang='lat' dir='ltr'>ct</span> <span class='ocrx_word' id='word_1_55' title='bbox 1127 1109 1212 1164; x_wconf 77' lang='lat' dir='ltr'>lbra-</span> 
     </span>
     <span class='ocr_line' id='line_1_9' title="bbox 132 1190 604 1262; baseline 0 -20"><span class='ocrx_word' id='word_1_56' title='bbox 132 1199 137 1209; x_wconf 87' lang='grc'><em>“</em></span> <span class='ocrx_word' id='word_1_57' title='bbox 225 1193 304 1262; x_wconf 73' lang='lat' dir='ltr'>opttus</span> <span class='ocrx_word' id='word_1_58' title='bbox 321 1218 355 1234; x_wconf 91' lang='lat'>-</span> <span class='ocrx_word' id='word_1_59' title='bbox 373 1190 534 1258; x_wconf 73' lang='lat' dir='ltr'><strong><em>compulisset</em></strong></span> <span class='ocrx_word' id='word_1_60' title='bbox 552 1197 604 1242; x_wconf 85' lang='lat' dir='ltr'>eto.</span> 
     </span>
    </p>
   </div>
   <div class='ocr_carea' id='block_1_4' title="bbox 151 1307 1214 1649">
    <p class='ocr_par' dir='ltr' id='par_1_5' title="bbox 151 1307 1214 1649">
     <span class='ocr_line' id='line_1_10' title="bbox 242 1307 1214 1394; baseline 0.003 -21"><span class='ocrx_word' id='word_1_61' title='bbox 242 1309 275 1391; x_wconf 69' lang='lat' dir='ltr'>*l</span> <span class='ocrx_word' id='word_1_62' title='bbox 296 1307 334 1374; x_wconf 91' lang='lat' dir='ltr'>ln</span> <span class='ocrx_word' id='word_1_63' title='bbox 366 1307 459 1372; x_wconf 88' lang='lat' dir='ltr'>libris</span> <span class='ocrx_word' id='word_1_64' title='bbox 492 1307 623 1394; x_wconf 84' lang='lat' dir='ltr'>scriptis</span> <span class='ocrx_word' id='word_1_65' title='bbox 662 1316 869 1375; x_wconf 88' lang='lat' dir='ltr'>commutata</span> <span class='ocrx_word' id='word_1_66' title='bbox 898 1307 1054 1386; x_wconf 75' lang='lat' dir='ltr'>ridemus¹</span> <span class='ocrx_word' id='word_1_67' title='bbox 1080 1309 1150 1375; x_wconf 83' lang='lat' dir='ltr'>nisi</span> <span class='ocrx_word' id='word_1_68' title='bbox 1178 1321 1214 1376; x_wconf 82' lang='lat' dir='ltr'>et</span> 
     </span>
     <span class='ocr_line' id='line_1_11' title="bbox 153 1391 1214 1484; baseline -0.001 -23"><span class='ocrx_word' id='word_1_69' title='bbox 153 1417 249 1461; x_wconf 76' lang='lat' dir='ltr'>natm.</span> <span class='ocrx_word' id='word_1_70' title='bbox 272 1395 324 1458; x_wconf 87' lang='lat' dir='ltr'>vd.</span> <span class='ocrx_word' id='word_1_71' title='bbox 348 1391 523 1458; x_wconf 83' lang='lat' dir='ltr'><strong>Heindorf.</strong></span> <span class='ocrx_word' id='word_1_72' title='bbox 548 1395 589 1456; x_wconf 86' lang='lat' dir='ltr'>ad</span> <span class='ocrx_word' id='word_1_73' title='bbox 615 1394 685 1458; x_wconf 86' lang='lat' dir='ltr'>Cic.</span> <span class='ocrx_word' id='word_1_74' title='bbox 709 1395 750 1459; x_wconf 85' lang='lat' dir='ltr'>dc</span> <span class='ocrx_word' id='word_1_75' title='bbox 770 1397 845 1461; x_wconf 88' lang='lat' dir='ltr'>Nat.</span> <span class='ocrx_word' id='word_1_76' title='bbox 856 1395 903 1459; x_wconf 66' lang='lat' dir='ltr'>al.</span> <span class='ocrx_word' id='word_1_77' title='bbox 928 1419 960 1484; x_wconf 90' lang='lat' dir='ltr'>p.</span> <span class='ocrx_word' id='word_1_78' title='bbox 991 1402 1067 1460; x_wconf 73' lang='lat'><strong>202.</strong></span> <span class='ocrx_word' id='word_1_79' title='bbox 1089 1399 1163 1462; x_wconf 72' lang='lat'><strong>264.</strong></span> <span class='ocrx_word' id='word_1_80' title='bbox 1180 1407 1214 1462; x_wconf 89' lang='lat' dir='ltr'>et</span> 
     </span>
     <span class='ocr_line' id='line_1_12' title="bbox 151 1479 1212 1649; baseline 0.002 -103"><span class='ocrx_word' id='word_1_81' title='bbox 151 1481 295 1634; x_wconf 51' lang='lat' dir='ltr'>pgilpd.</span> <span class='ocrx_word' id='word_1_82' title='bbox 309 1479 494 1649; x_wconf 51' lang='grc' dir='ltr'>Ιέῗιιόεἰῃξοι·</span> <span class='ocrx_word' id='word_1_83' title='bbox 509 1479 549 1544; x_wconf 84' lang='lat' dir='ltr'>ad</span> <span class='ocrx_word' id='word_1_84' title='bbox 561 1480 695 1545; x_wconf 88' lang='lat' dir='ltr'>Cornel.</span> <span class='ocrx_word' id='word_1_85' title='bbox 711 1481 797 1574; x_wconf 81' lang='lat' dir='ltr'>Nep.</span> <span class='ocrx_word' id='word_1_86' title='bbox 814 1505 848 1574; x_wconf 89' lang='lat' dir='ltr'>p.</span> <span class='ocrx_word' id='word_1_87' title='bbox 865 1487 936 1548; x_wconf 79' lang='lat'><strong>172.</strong></span> <span class='ocrx_word' id='word_1_88' title='bbox 952 1481 1212 1610; x_wconf 80' lang='lat' dir='ltr'>Drakenborch.</span> 
     </span>
    </p>
   </div>
   <div class='ocr_carea' id='block_1_5' title="bbox 594 1823 777 1912">
    <p class='ocr_par' dir='ltr' id='par_1_6' title="bbox 594 1823 777 1912">
     <span class='ocr_line' id='line_1_13' title="bbox 594 1823 777 1912; baseline 0.011 -2"><span class='ocrx_word' id='word_1_89' title='bbox 594 1823 777 1912; x_wconf 87' lang='lat' dir='ltr'><strong>NON.</strong></span> 
     </span>
    </p>
   </div>
   <div class='ocr_carea' id='block_1_6' title="bbox 96 2002 1212 3724">
    <p class='ocr_par' dir='ltr' id='par_1_7' title="bbox 96 2002 1212 3724">
     <span class='ocr_line' id='line_1_14' title="bbox 240 2002 1212 2093; baseline 0 -23"><span class='ocrx_word' id='word_1_90' title='bbox 240 2005 285 2070; x_wconf 84' lang='lat' dir='ltr'>Vt</span> <span class='ocrx_word' id='word_1_91' title='bbox 307 2002 469 2092; x_wconf 81' lang='lat' dir='ltr'>originem</span> <span class='ocrx_word' id='word_1_92' title='bbox 492 2003 643 2069; x_wconf 79' lang='lat' dir='ltr'>vocabuli</span> <span class='ocrx_word' id='word_1_93' title='bbox 666 2025 735 2068; x_wconf 85' lang='lat' dir='ltr'>non</span> <span class='ocrx_word' id='word_1_94' title='bbox 764 2003 980 2092; x_wconf 78' lang='lat' dir='ltr'>explicemus,</span> <span class='ocrx_word' id='word_1_95' title='bbox 1011 2003 1095 2068; x_wconf 80' lang='lat' dir='ltr'>nihil</span> <span class='ocrx_word' id='word_1_96' title='bbox 1126 2027 1212 2093; x_wconf 83' lang='lat' dir='ltr'>opus</span> 
     </span>
     <span class='ocr_line' id='line_1_15' title="bbox 154 2089 1211 2178; baseline -0.002 -22"><span class='ocrx_word' id='word_1_97' title='bbox 154 2092 264 2157; x_wconf 87' lang='lat' dir='ltr'>estad</span> <span class='ocrx_word' id='word_1_98' title='bbox 288 2089 387 2154; x_wconf 90' lang='lat' dir='ltr'>ludos</span> <span class='ocrx_word' id='word_1_99' title='bbox 410 2089 564 2175; x_wconf 84' lang='lat' dir='ltr'>migrare.</span> <span class='ocrx_word' id='word_1_100' title='bbox 609 2091 776 2154; x_wconf 85' lang='lat' dir='ltr'>Omnibus</span> <span class='ocrx_word' id='word_1_101' title='bbox 801 2091 871 2156; x_wconf 86' lang='lat' dir='ltr'>fere</span> <span class='ocrx_word' id='word_1_102' title='bbox 906 2091 1025 2178; x_wconf 82' lang='lat' dir='ltr'>linguis</span> <span class='ocrx_word' id='word_1_103' title='bbox 1057 2095 1211 2155; x_wconf 83' lang='lat' dir='ltr'>humanis</span> 
     </span>
     <span class='ocr_line' id='line_1_16' title="bbox 156 2175 1211 2262; baseline 0 -20"><span class='ocrx_word' id='word_1_104' title='bbox 156 2177 345 2242; x_wconf 86' lang='lat' dir='ltr'>communis</span> <span class='ocrx_word' id='word_1_105' title='bbox 367 2185 416 2240; x_wconf 89' lang='lat' dir='ltr'>est</span> <span class='ocrx_word' id='word_1_106' title='bbox 438 2197 506 2240; x_wconf 81' lang='lat' dir='ltr'>vox</span> <span class='ocrx_word' id='word_1_107' title='bbox 528 2177 712 2262; x_wconf 67' lang='lat' dir='ltr'>negationis</span> <span class='ocrx_word' id='word_1_108' title='bbox 736 2199 798 2262; x_wconf 88' lang='lat' dir='ltr'>per</span> <span class='ocrx_word' id='word_1_109' title='bbox 830 2176 973 2240; x_wconf 86' lang='lat' dir='ltr'>litteram</span> <span class='ocrx_word' id='word_1_110' title='bbox 1002 2200 1026 2239; x_wconf 84' lang='lat' dir='ltr'>n</span> <span class='ocrx_word' id='word_1_111' title='bbox 1055 2175 1211 2256; x_wconf 83' lang='lat' dir='ltr'>formata,</span> 
     </span>
     <span class='ocr_line' id='line_1_17' title="bbox 154 2261 1208 2350; baseline -0.002 -22"><span class='ocrx_word' id='word_1_112' title='bbox 154 2265 189 2329; x_wconf 90' lang='lat' dir='ltr'>in</span> <span class='ocrx_word' id='word_1_113' title='bbox 213 2286 274 2350; x_wconf 88' lang='lat' dir='ltr'>qua</span> <span class='ocrx_word' id='word_1_114' title='bbox 301 2263 426 2326; x_wconf 83' lang='lat' dir='ltr'>vocales</span> <span class='ocrx_word' id='word_1_115' title='bbox 448 2285 470 2324; x_wconf 85' lang='grc' dir='ltr'>ιι</span> <span class='ocrx_word' id='word_1_116' title='bbox 494 2286 552 2328; x_wconf 86' lang='lat' dir='ltr'>eo</span> <span class='ocrx_word' id='word_1_117' title='bbox 577 2261 770 2326; x_wconf 73' lang='lat' dir='ltr'>mutabilem</span> <span class='ocrx_word' id='word_1_118' title='bbox 797 2263 901 2326; x_wconf 88' lang='lat' dir='ltr'>vicem</span> <span class='ocrx_word' id='word_1_119' title='bbox 926 2273 1106 2348; x_wconf 76' lang='lat' dir='ltr'>praestant.</span> <span class='ocrx_word' id='word_1_120' title='bbox 1138 2263 1208 2326; x_wconf 85' lang='lat' dir='ltr'>Ru·</span> 
     </span>
     <span class='ocr_line' id='line_1_18' title="bbox 153 2347 1212 2430; baseline 0 -17"><span class='ocrx_word' id='word_1_121' title='bbox 153 2351 227 2414; x_wconf 86' lang='lat' dir='ltr'>stici</span> <span class='ocrx_word' id='word_1_122' title='bbox 249 2349 346 2414; x_wconf 89' lang='lat' dir='ltr'>etiam</span> <span class='ocrx_word' id='word_1_123' title='bbox 371 2348 458 2430; x_wconf 89' lang='lat' dir='ltr'>apud</span> <span class='ocrx_word' id='word_1_124' title='bbox 481 2370 542 2412; x_wconf 91' lang='lat' dir='ltr'>nos</span> <span class='ocrx_word' id='word_1_125' title='bbox 563 2348 706 2414; x_wconf 89' lang='lat' dir='ltr'>naturali</span> <span class='ocrx_word' id='word_1_126' title='bbox 732 2348 970 2412; x_wconf 83' lang='lat' dir='ltr'>consuetudine</span> <span class='ocrx_word' id='word_1_127' title='bbox 994 2347 1148 2412; x_wconf 75' lang='lat' dir='ltr'>ealoetiet</span> <span class='ocrx_word' id='word_1_128' title='bbox 1168 2371 1212 2414; x_wconf 85' lang='lat' dir='ltr'>ae</span> 
     </span>
     <span class='ocr_line' id='line_1_19' title="bbox 153 2433 1211 2521; baseline -0.001 -22"><span class='ocrx_word' id='word_1_129' title='bbox 153 2446 188 2499; x_wconf 86' lang='lat' dir='ltr'>et</span> <span class='ocrx_word' id='word_1_130' title='bbox 207 2461 255 2499; x_wconf 83' lang='lat' dir='ltr'>na</span> <span class='ocrx_word' id='word_1_131' title='bbox 276 2445 308 2498; x_wconf 91' lang='lat' dir='ltr'>et</span> <span class='ocrx_word' id='word_1_132' title='bbox 328 2457 373 2498; x_wconf 87' lang='lat' dir='ltr'>no</span> <span class='ocrx_word' id='word_1_133' title='bbox 393 2433 589 2518; x_wconf 87' lang='lat' dir='ltr'>loquuntur.</span> <span class='ocrx_word' id='word_1_134' title='bbox 631 2435 755 2499; x_wconf 86' lang='lat' dir='ltr'>Littera</span> <span class='ocrx_word' id='word_1_135' title='bbox 778 2457 812 2513; x_wconf 74' lang='lat' dir='ltr'>n,</span> <span class='ocrx_word' id='word_1_136' title='bbox 836 2456 919 2521; x_wconf 83' lang='lat' dir='ltr'>qnae</span> <span class='ocrx_word' id='word_1_137' title='bbox 941 2436 975 2498; x_wconf 90' lang='lat' dir='ltr'>in</span> <span class='ocrx_word' id='word_1_138' title='bbox 996 2457 1065 2498; x_wconf 84' lang='lat' dir='ltr'>nun</span> <span class='ocrx_word' id='word_1_139' title='bbox 1089 2433 1211 2498; x_wconf 86' lang='lat' dir='ltr'>adbae-</span> 
     </span>
     <span class='ocr_line' id='line_1_20' title="bbox 153 2517 1211 2607; baseline -0.002 -22"><span class='ocrx_word' id='word_1_140' title='bbox 153 2532 217 2596; x_wconf 87' lang='lat' dir='ltr'>ret,</span> <span class='ocrx_word' id='word_1_141' title='bbox 238 2529 299 2585; x_wconf 83' lang='lat' dir='ltr'>aut</span> <span class='ocrx_word' id='word_1_142' title='bbox 325 2543 361 2584; x_wconf 90' lang='lat' dir='ltr'>ea</span> <span class='ocrx_word' id='word_1_143' title='bbox 391 2521 520 2584; x_wconf 87' lang='lat' dir='ltr'>videtur</span> <span class='ocrx_word' id='word_1_144' title='bbox 550 2543 637 2598; x_wconf 87' lang='lat' dir='ltr'>esse,</span> <span class='ocrx_word' id='word_1_145' title='bbox 676 2542 760 2607; x_wconf 86' lang='lat' dir='ltr'>qnae</span> <span class='ocrx_word' id='word_1_146' title='bbox 791 2521 826 2584; x_wconf 90' lang='lat' dir='ltr'>in</span> <span class='ocrx_word' id='word_1_147' title='bbox 851 2539 969 2584; x_wconf 74' lang='lat' dir='ltr'>rainero</span> <span class='ocrx_word' id='word_1_148' title='bbox 993 2517 1130 2597; x_wconf 70' lang='lat' dir='ltr'>accedit,</span> <span class='ocrx_word' id='word_1_149' title='bbox 1154 2529 1211 2584; x_wconf 86' lang='lat' dir='ltr'>aut</span> 
     </span>
     <span class='ocr_line' id='line_1_21' title="bbox 154 2604 1211 2696; baseline -0.002 -24"><span class='ocrx_word' id='word_1_150' title='bbox 154 2629 212 2684; x_wconf 80' lang='lat' dir='ltr'>ea,</span> <span class='ocrx_word' id='word_1_151' title='bbox 238 2620 337 2693; x_wconf 89' lang='lat' dir='ltr'>quam</span> <span class='ocrx_word' id='word_1_152' title='bbox 368 2605 404 2670; x_wconf 89' lang='lat' dir='ltr'>in</span> <span class='ocrx_word' id='word_1_153' title='bbox 435 2605 590 2693; x_wconf 82' lang='lat' dir='ltr'>alioquin</span> <span class='ocrx_word' id='word_1_154' title='bbox 620 2616 652 2672; x_wconf 87' lang='lat' dir='ltr'>et</span> <span class='ocrx_word' id='word_1_155' title='bbox 682 2607 738 2670; x_wconf 83' lang='lat' dir='ltr'>siu</span> <span class='ocrx_word' id='word_1_156' title='bbox 770 2629 848 2696; x_wconf 67' lang='lat' dir='ltr'>non¹</span> <span class='ocrx_word' id='word_1_157' title='bbox 871 2609 941 2670; x_wconf 88' lang='lat' dir='ltr'>siue</span> <span class='ocrx_word' id='word_1_158' title='bbox 968 2604 1211 2692; x_wconf 79' lang='lat' dir='ltr'>significatione</span> 
     </span>
     <span class='ocr_line' id='line_1_22' title="bbox 154 2691 1211 2773; baseline -0.002 -15"><span class='ocrx_word' id='word_1_159' title='bbox 154 2693 265 2758; x_wconf 82' lang='lat' dir='ltr'>adesse.</span> <span class='ocrx_word' id='word_1_160' title='bbox 290 2693 433 2758; x_wconf 79' lang='lat' dir='ltr'>diximus</span> <span class='ocrx_word' id='word_1_161' title='bbox 452 2691 554 2758; x_wconf 88' lang='lat' dir='ltr'>Turn.</span> <span class='ocrx_word' id='word_1_162' title='bbox 572 2700 598 2756; x_wconf 89' lang='lat'>1.</span> <span class='ocrx_word' id='word_1_163' title='bbox 640 2694 739 2758; x_wconf 80' lang='lat'><strong>.235.</strong></span> <span class='ocrx_word' id='word_1_164' title='bbox 771 2695 883 2773; x_wconf 81' lang='lat' dir='ltr'>Quare</span> <span class='ocrx_word' id='word_1_165' title='bbox 899 2693 1091 2756; x_wconf 77' lang='lat' dir='ltr'>incredibile</span> <span class='ocrx_word' id='word_1_166' title='bbox 1117 2691 1211 2756; x_wconf 83' lang='lat' dir='ltr'>vide-</span> 
     </span>
     <span class='ocr_line' id='line_1_23' title="bbox 153 2717 1209 2866; baseline 0.001 -25"><span class='ocrx_word' id='word_1_167' title='bbox 153 2789 220 2859; x_wconf 90' lang='lat' dir='ltr'>tur,</span> <span class='ocrx_word' id='word_1_168' title='bbox 252 2779 343 2864; x_wconf 88' lang='lat' dir='ltr'>quod</span> <span class='ocrx_word' id='word_1_169' title='bbox 370 2777 591 2842; x_wconf 83' lang='lat' dir='ltr'>Doederlinus</span> <span class='ocrx_word' id='word_1_170' title='bbox 616 2717 748 2866; x_wconf 59' lang='lat' dir='ltr'>Eynon.</span> <span class='ocrx_word' id='word_1_171' title='bbox 777 2779 834 2842; x_wconf 91' lang='lat' dir='ltr'>lat.</span> <span class='ocrx_word' id='word_1_172' title='bbox 858 2777 901 2842; x_wconf 88' lang='lat' dir='ltr'>T.</span> <span class='ocrx_word' id='word_1_173' title='bbox 925 2782 957 2841; x_wconf 83' lang='lat'>6.</span> <span class='ocrx_word' id='word_1_174' title='bbox 983 2802 1016 2862; x_wconf 88' lang='lat' dir='ltr'>p.</span> <span class='ocrx_word' id='word_1_175' title='bbox 1039 2782 1114 2844; x_wconf 79' lang='lat'><strong>238.</strong></span> <span class='ocrx_word' id='word_1_176' title='bbox 1147 2780 1209 2845; x_wconf 85' lang='lat' dir='ltr'>ait:</span> 
     </span>
     <span class='ocr_line' id='line_1_24' title="bbox 153 2860 1209 2946; baseline 0 -16"><span class='ocrx_word' id='word_1_177' title='bbox 153 2887 222 2930; x_wconf 83' lang='lat' dir='ltr'>nou</span> <span class='ocrx_word' id='word_1_178' title='bbox 246 2885 286 2930; x_wconf 88' lang='lat' dir='ltr'>ex</span> <span class='ocrx_word' id='word_1_179' title='bbox 310 2863 505 2926; x_wconf 87' lang='lat' dir='ltr'>detruncato</span> <span class='ocrx_word' id='word_1_180' title='bbox 532 2864 633 2928; x_wconf 88' lang='lat' dir='ltr'>verbo</span> <span class='ocrx_word' id='word_1_181' title='bbox 658 2860 817 2946; x_wconf 72' lang='grc' dir='ltr'>ἀναίνομαι</span> <span class='ocrx_word' id='word_1_182' title='bbox 835 2874 951 2928; x_wconf 90' lang='lat' dir='ltr'>natum</span> <span class='ocrx_word' id='word_1_183' title='bbox 979 2885 1060 2926; x_wconf 86' lang='lat' dir='ltr'>esse.</span> <span class='ocrx_word' id='word_1_184' title='bbox 1103 2863 1209 2944; x_wconf 41' lang='lat' dir='ltr'>(Quod</span> 
     </span>
     <span class='ocr_line' id='line_1_25' title="bbox 154 2948 1211 3040; baseline 0.001 -26"><span class='ocrx_word' id='word_1_185' title='bbox 154 2972 234 3014; x_wconf 86' lang='lat' dir='ltr'>vero</span> <span class='ocrx_word' id='word_1_186' title='bbox 263 2948 482 3014; x_wconf 87' lang='lat' dir='ltr'>Schneiderus</span> <span class='ocrx_word' id='word_1_187' title='bbox 515 2952 700 3040; x_wconf 81' lang='lat' dir='ltr'>Grammat.</span> <span class='ocrx_word' id='word_1_188' title='bbox 741 2974 765 3014; x_wconf 76' lang='lat' dir='ltr'>r.</span> <span class='ocrx_word' id='word_1_189' title='bbox 796 2955 836 3016; x_wconf 77' lang='lat' dir='ltr'>ta</span> <span class='ocrx_word' id='word_1_190' title='bbox 868 2953 1001 3014; x_wconf 63' lang='lat' dir='ltr'>erare.</span> <span class='ocrx_word' id='word_1_191' title='bbox 1032 2973 1122 3014; x_wconf 83' lang='lat' dir='ltr'>nean</span> <span class='ocrx_word' id='word_1_192' title='bbox 1150 2973 1211 3036; x_wconf 88' lang='lat' dir='ltr'>per</span> 
     </span>
     <span class='ocr_line' id='line_1_26' title="bbox 155 2975 1210 3124; baseline -0.001 -23"><span class='ocrx_word' id='word_1_193' title='bbox 155 3058 328 3124; x_wconf 82' lang='lat' dir='ltr'>apocopen</span> <span class='ocrx_word' id='word_1_194' title='bbox 362 3057 431 3098; x_wconf 82' lang='lat' dir='ltr'>nora</span> <span class='ocrx_word' id='word_1_195' title='bbox 459 3057 530 3101; x_wconf 88' lang='lat' dir='ltr'>esse</span> <span class='ocrx_word' id='word_1_196' title='bbox 559 3034 687 3100; x_wconf 85' lang='lat' dir='ltr'>facturn</span> <span class='ocrx_word' id='word_1_197' title='bbox 723 2975 821 3112; x_wconf 80' lang='lat' dir='ltr'>dicit,</span> <span class='ocrx_word' id='word_1_198' title='bbox 852 3035 884 3099; x_wconf 92' lang='lat' dir='ltr'>id</span> <span class='ocrx_word' id='word_1_199' title='bbox 916 3036 1210 3100; x_wconf 83' lang='lat' dir='ltr'>Weissenbornius</span> 
     </span>
     <span class='ocr_line' id='line_1_27' title="bbox 155 3119 1209 3208; baseline 0 -22"><span class='ocrx_word' id='word_1_200' title='bbox 155 3123 341 3188; x_wconf 85' lang='lat' dir='ltr'>Grammat.</span> <span class='ocrx_word' id='word_1_201' title='bbox 366 3142 401 3206; x_wconf 91' lang='lat' dir='ltr'>p.</span> <span class='ocrx_word' id='word_1_202' title='bbox 428 3123 500 3184; x_wconf 84' lang='lat'><strong>174.</strong></span> <span class='ocrx_word' id='word_1_203' title='bbox 520 3143 559 3185; x_wconf 91' lang='lat' dir='ltr'>eo</span> <span class='ocrx_word' id='word_1_204' title='bbox 594 3121 764 3208; x_wconf 77' lang='lat' dir='ltr'>produxit,</span> <span class='ocrx_word' id='word_1_205' title='bbox 794 3133 830 3184; x_wconf 93' lang='lat' dir='ltr'>ut</span> <span class='ocrx_word' id='word_1_206' title='bbox 852 3119 1034 3185; x_wconf 83' lang='lat' dir='ltr'>affirmaret</span> <span class='ocrx_word' id='word_1_207' title='bbox 1064 3123 1209 3208; x_wconf 87' lang='lat' dir='ltr'>primam</span> 
     </span>
     <span class='ocr_line' id='line_1_28' title="bbox 152 3204 1211 3294; baseline 0.001 -21"><span class='ocrx_word' id='word_1_208' title='bbox 152 3207 298 3274; x_wconf 89' lang='lat' dir='ltr'>formam</span> <span class='ocrx_word' id='word_1_209' title='bbox 330 3204 431 3270; x_wconf 86' lang='lat' dir='ltr'>fuisse</span> <span class='ocrx_word' id='word_1_210' title='bbox 461 3229 627 3282; x_wconf 81' lang='lat' dir='ltr'>noenum,</span> <span class='ocrx_word' id='word_1_211' title='bbox 661 3210 753 3294; x_wconf 91' lang='lat' dir='ltr'>quod</span> <span class='ocrx_word' id='word_1_212' title='bbox 791 3217 874 3272; x_wconf 87' lang='lat' dir='ltr'>esset</span> <span class='ocrx_word' id='word_1_213' title='bbox 912 3229 954 3270; x_wconf 85' lang='lat' dir='ltr'>ne</span> <span class='ocrx_word' id='word_1_214' title='bbox 992 3230 1131 3274; x_wconf 83' lang='lat' dir='ltr'>oenum.</span> <span class='ocrx_word' id='word_1_215' title='bbox 1167 3231 1211 3276; x_wconf 85' lang='lat' dir='ltr'>ne</span> 
     </span>
     <span class='ocr_line' id='line_1_29' title="bbox 153 3291 1210 3378; baseline -0.002 -20"><span class='ocrx_word' id='word_1_216' title='bbox 153 3315 277 3358; x_wconf 82' lang='lat' dir='ltr'>mznm:</span> <span class='ocrx_word' id='word_1_217' title='bbox 299 3293 333 3357; x_wconf 92' lang='lat' dir='ltr'>in</span> <span class='ocrx_word' id='word_1_218' title='bbox 357 3313 425 3377; x_wconf 94' lang='lat' dir='ltr'>quo</span> <span class='ocrx_word' id='word_1_219' title='bbox 449 3292 530 3356; x_wconf 87' lang='lat' dir='ltr'>iliud</span> <span class='ocrx_word' id='word_1_220' title='bbox 553 3294 676 3358; x_wconf 88' lang='lat' dir='ltr'>mirum</span> <span class='ocrx_word' id='word_1_221' title='bbox 699 3295 837 3370; x_wconf 76' lang='lat' dir='ltr'>videtur,</span> <span class='ocrx_word' id='word_1_222' title='bbox 859 3292 950 3378; x_wconf 92' lang='lat' dir='ltr'>quod</span> <span class='ocrx_word' id='word_1_223' title='bbox 968 3291 1074 3356; x_wconf 90' lang='lat' dir='ltr'>Latini</span> <span class='ocrx_word' id='word_1_224' title='bbox 1095 3292 1133 3356; x_wconf 86' lang='lat' dir='ltr'>ad</span> <span class='ocrx_word' id='word_1_225' title='bbox 1149 3315 1210 3356; x_wconf 90' lang='lat' dir='ltr'>ne-</span> 
     </span>
     <span class='ocr_line' id='line_1_30' title="bbox 146 3379 1211 3467; baseline -0.008 -21"><span class='ocrx_word' id='word_1_226' title='bbox 146 3381 323 3467; x_wconf 77' lang='lat' dir='ltr'>¹gatioacm</span> <span class='ocrx_word' id='word_1_227' title='bbox 357 3379 538 3445; x_wconf 78' lang='lat' dir='ltr'>attraxisse</span> <span class='ocrx_word' id='word_1_228' title='bbox 564 3390 726 3467; x_wconf 88' lang='lat' dir='ltr'>putantur</span> <span class='ocrx_word' id='word_1_229' title='bbox 757 3379 933 3442; x_wconf 86' lang='lat' dir='ltr'>notionem</span> <span class='ocrx_word' id='word_1_230' title='bbox 964 3379 1074 3440; x_wconf 75' lang='lat' dir='ltr'>station</span> <span class='ocrx_word' id='word_1_231' title='bbox 1108 3379 1211 3444; x_wconf 86' lang='lat' dir='ltr'>omit-</span> 
     </span>
     <span class='ocr_line' id='line_1_31' title="bbox 153 3461 1210 3550; baseline 0 -22"><span class='ocrx_word' id='word_1_232' title='bbox 153 3463 309 3544; x_wconf 80' lang='lat' dir='ltr'>tendam,</span> <span class='ocrx_word' id='word_1_233' title='bbox 330 3485 392 3528; x_wconf 88' lang='lat' dir='ltr'>neo</span> <span class='ocrx_word' id='word_1_234' title='bbox 414 3475 515 3550; x_wconf 82' lang='lat' dir='ltr'>patet,</span> <span class='ocrx_word' id='word_1_235' title='bbox 539 3463 720 3550; x_wconf 84' lang='lat' dir='ltr'>‹promodo</span> <span class='ocrx_word' id='word_1_236' title='bbox 734 3464 816 3528; x_wconf 89' lang='lat' dir='ltr'>illud</span> <span class='ocrx_word' id='word_1_237' title='bbox 840 3484 946 3526; x_wconf 77' lang='lat' dir='ltr'>uniam</span> <span class='ocrx_word' id='word_1_238' title='bbox 962 3461 1131 3528; x_wconf 87' lang='lat' dir='ltr'>obscurari</span> <span class='ocrx_word' id='word_1_239' title='bbox 1147 3487 1210 3550; x_wconf 87' lang='lat' dir='ltr'>po·</span> 
     </span>
     <span class='ocr_line' id='line_1_32' title="bbox 152 3547 1209 3635; baseline 0 -21"><span class='ocrx_word' id='word_1_240' title='bbox 152 3552 264 3616; x_wconf 91' lang='lat' dir='ltr'>tuerit.</span> <span class='ocrx_word' id='word_1_241' title='bbox 309 3549 411 3615; x_wconf 90' lang='lat' dir='ltr'>Conr.</span> <span class='ocrx_word' id='word_1_242' title='bbox 429 3551 646 3615; x_wconf 82' lang='lat' dir='ltr'>Schwenkius</span> <span class='ocrx_word' id='word_1_243' title='bbox 663 3575 679 3615; x_wconf 89' lang='lat' dir='ltr'>a</span> <span class='ocrx_word' id='word_1_244' title='bbox 699 3550 778 3615; x_wconf 81' lang='lat' dir='ltr'>aeda</span> <span class='ocrx_word' id='word_1_245' title='bbox 793 3571 871 3614; x_wconf 89' lang='lat' dir='ltr'>eum</span> <span class='ocrx_word' id='word_1_246' title='bbox 890 3549 941 3612; x_wconf 79' lang='lat' dir='ltr'>aod</span> <span class='ocrx_word' id='word_1_247' title='bbox 958 3547 1092 3624; x_wconf 75' lang='lat' dir='ltr'>derivat,</span> <span class='ocrx_word' id='word_1_248' title='bbox 1106 3571 1209 3635; x_wconf 90' lang='lat' dir='ltr'>qunrn</span> 
     </span>
     <span class='ocr_line' id='line_1_33' title="bbox 96 3632 1210 3724; baseline -0.001 -21"><span class='ocrx_word' id='word_1_249' title='bbox 96 3701 99 3710; x_wconf 20' lang='grc' dir='ltr'><strong>Α</strong></span> <span class='ocrx_word' id='word_1_250' title='bbox 119 3637 121 3644; x_wconf 75' lang='grc'><em>’</em></span> <span class='ocrx_word' id='word_1_251' title='bbox 152 3636 339 3724; x_wconf 82' lang='lat' dir='ltr'>negandam</span> <span class='ocrx_word' id='word_1_252' title='bbox 357 3647 389 3700; x_wconf 88' lang='lat' dir='ltr'>ct</span> <span class='ocrx_word' id='word_1_253' title='bbox 405 3637 637 3702; x_wconf 85' lang='lat' dir='ltr'>affirmandam</span> <span class='ocrx_word' id='word_1_254' title='bbox 653 3659 725 3702; x_wconf 83' lang='lat' dir='ltr'>rem</span> <span class='ocrx_word' id='word_1_255' title='bbox 741 3646 826 3700; x_wconf 86' lang='lat' dir='ltr'>nutu</span> <span class='ocrx_word' id='word_1_256' title='bbox 844 3635 960 3722; x_wconf 89' lang='lat' dir='ltr'>eapitis</span> <span class='ocrx_word' id='word_1_257' title='bbox 977 3632 1210 3722; x_wconf 70' lang='lat' dir='ltr'>significemus·</span> 
     </span>
    </p>
   </div>
   <div class='ocr_carea' id='block_1_7' title="bbox 242 3775 1237 3867">
    <p class='ocr_par' dir='ltr' id='par_1_8' title="bbox 242 3775 1237 3867">
     <span class='ocr_line' id='line_1_34' title="bbox 242 3775 1237 3867; baseline -0.005 -22"><span class='ocrx_word' id='word_1_258' title='bbox 242 3775 318 3846; x_wconf 83' lang='lat' dir='ltr'>Non</span> <span class='ocrx_word' id='word_1_259' title='bbox 340 3789 389 3845; x_wconf 90' lang='lat' dir='ltr'>est</span> <span class='ocrx_word' id='word_1_260' title='bbox 412 3787 543 3866; x_wconf 78' lang='lat' dir='ltr'>negatio</span> <span class='ocrx_word' id='word_1_261' title='bbox 565 3779 705 3867; x_wconf 80' lang='lat' dir='ltr'>simplex</span> <span class='ocrx_word' id='word_1_262' title='bbox 732 3788 764 3842; x_wconf 87' lang='lat' dir='ltr'>et</span> <span class='ocrx_word' id='word_1_263' title='bbox 792 3775 972 3866; x_wconf 86' lang='lat' dir='ltr'>generalis,</span> <span class='ocrx_word' id='word_1_264' title='bbox 1009 3799 1075 3864; x_wconf 91' lang='lat' dir='ltr'>qna</span> <span class='ocrx_word' id='word_1_265' title='bbox 1103 3799 1237 3864; x_wconf 60' lang='lat' dir='ltr'>nega-1</span> 
     </span>
    </p>
   </div>
   <div class='ocr_carea' id='block_1_8' title="bbox 119 3863 1210 4298">
    <p class='ocr_par' dir='ltr' id='par_1_9' title="bbox 119 3863 1210 4298">
     <span class='ocr_line' id='line_1_35' title="bbox 152 3863 1210 3951; baseline -0.002 -21"><span class='ocrx_word' id='word_1_266' title='bbox 152 3869 228 3930; x_wconf 79' lang='lat' dir='ltr'>intas</span> <span class='ocrx_word' id='word_1_267' title='bbox 253 3889 325 3929; x_wconf 89' lang='lat' dir='ltr'>rem</span> <span class='ocrx_word' id='word_1_268' title='bbox 352 3889 422 3931; x_wconf 87' lang='lat' dir='ltr'>esse</span> <span class='ocrx_word' id='word_1_269' title='bbox 445 3879 499 3928; x_wconf 72' lang='lat' dir='ltr'>saur</span> <span class='ocrx_word' id='word_1_270' title='bbox 521 3889 593 3928; x_wconf 77' lang='lat' dir='ltr'>eam</span> <span class='ocrx_word' id='word_1_271' title='bbox 616 3887 686 3930; x_wconf 88' lang='lat' dir='ltr'>esse</span> <span class='ocrx_word' id='word_1_272' title='bbox 708 3863 844 3951; x_wconf 78' lang='lat' dir='ltr'>aliquid,</span> <span class='ocrx_word' id='word_1_273' title='bbox 875 3863 1019 3950; x_wconf 85' lang='lat' dir='ltr'>ideoque</span> <span class='ocrx_word' id='word_1_274' title='bbox 1052 3863 1149 3928; x_wconf 85' lang='lat' dir='ltr'>etiam</span> <span class='ocrx_word' id='word_1_275' title='bbox 1177 3887 1210 3928; x_wconf 87' lang='lat' dir='ltr'>m</span> 
     </span>
     <span class='ocr_line' id='line_1_36' title="bbox 119 3949 1210 4038; baseline -0.004 -20"><span class='ocrx_word' id='word_1_276' title='bbox 119 3953 191 4018; x_wconf 88' lang='lat' dir='ltr'>.iis</span> <span class='ocrx_word' id='word_1_277' title='bbox 224 3953 395 4016; x_wconf 87' lang='lat' dir='ltr'>sententiis</span> <span class='ocrx_word' id='word_1_278' title='bbox 430 3949 538 4032; x_wconf 84' lang='lat' dir='ltr'>obvia,</span> <span class='ocrx_word' id='word_1_279' title='bbox 576 3951 693 4037; x_wconf 89' lang='lat' dir='ltr'>quibus</span> <span class='ocrx_word' id='word_1_280' title='bbox 731 3951 812 4014; x_wconf 75' lang='lat' dir='ltr'>aliae</span> <span class='ocrx_word' id='word_1_281' title='bbox 851 3949 991 4036; x_wconf 87' lang='lat' dir='ltr'>negandi</span> <span class='ocrx_word' id='word_1_282' title='bbox 1031 3951 1210 4038; x_wconf 82' lang='lat' dir='ltr'>particulae</span> 
     </span>
     <span class='ocr_line' id='line_1_37' title="bbox 151 4035 1210 4126; baseline -0.005 -23"><span class='ocrx_word' id='word_1_283' title='bbox 151 4038 290 4126; x_wconf 86' lang='lat' dir='ltr'>proprie</span> <span class='ocrx_word' id='word_1_284' title='bbox 320 4048 398 4101; x_wconf 92' lang='lat' dir='ltr'>sunt</span> <span class='ocrx_word' id='word_1_285' title='bbox 428 4036 618 4102; x_wconf 81' lang='lat' dir='ltr'>destinatae.</span> <span class='ocrx_word' id='word_1_286' title='bbox 642 4037 718 4101; x_wconf 69' lang='lat' dir='ltr'>&#39;&#39;De</span> <span class='ocrx_word' id='word_1_287' title='bbox 749 4035 959 4122; x_wconf 73' lang='lat' dir='ltr'>discrimine,</span> <span class='ocrx_word' id='word_1_288' title='bbox 997 4035 1087 4120; x_wconf 84' lang='lat' dir='ltr'>quod</span> <span class='ocrx_word' id='word_1_289' title='bbox 1107 4038 1210 4098; x_wconf 78' lang='lat' dir='ltr'>,inter</span> 
     </span>
     <span class='ocr_line' id='line_1_38' title="bbox 151 4120 1208 4206; baseline -0.007 -18"><span class='ocrx_word' id='word_1_290' title='bbox 151 4147 221 4188; x_wconf 81' lang='lat' dir='ltr'>non</span> <span class='ocrx_word' id='word_1_291' title='bbox 243 4135 277 4188; x_wconf 84' lang='lat' dir='ltr'>et</span> <span class='ocrx_word' id='word_1_292' title='bbox 296 4123 393 4188; x_wconf 68' lang='lat' dir='ltr'>hairici</span> <span class='ocrx_word' id='word_1_293' title='bbox 413 4123 598 4204; x_wconf 84' lang='lat' dir='ltr'>intercedit,</span> <span class='ocrx_word' id='word_1_294' title='bbox 624 4123 696 4189; x_wconf 85' lang='lat' dir='ltr'>ride</span> <span class='ocrx_word' id='word_1_295' title='bbox 719 4123 821 4188; x_wconf 73' lang='lat' dir='ltr'>Toron</span> <span class='ocrx_word' id='word_1_296' title='bbox 845 4129 877 4186; x_wconf 76' lang='lat'>3.</span> <span class='ocrx_word' id='word_1_297' title='bbox 905 4146 935 4206; x_wconf 80' lang='lat' dir='ltr'>p.</span> <span class='ocrx_word' id='word_1_298' title='bbox 958 4126 1006 4184; x_wconf 86' lang='lat'>17.</span> <span class='ocrx_word' id='word_1_299' title='bbox 1041 4120 1105 4196; x_wconf 81' lang='lat' dir='ltr'>Sed</span> <span class='ocrx_word' id='word_1_300' title='bbox 1122 4123 1208 4185; x_wconf 84' lang='lat' dir='ltr'>Haa-</span> 
     </span>
     <span class='ocr_line' id='line_1_39' title="bbox 150 4206 1209 4298; baseline -0.008 -22"><span class='ocrx_word' id='word_1_301' title='bbox 150 4212 219 4276; x_wconf 84' lang='lat' dir='ltr'>sius</span> <span class='ocrx_word' id='word_1_302' title='bbox 237 4212 275 4277; x_wconf 85' lang='lat' dir='ltr'>ia</span> <span class='ocrx_word' id='word_1_303' title='bbox 294 4209 434 4297; x_wconf 80' lang='lat' dir='ltr'>Reisigii</span> <span class='ocrx_word' id='word_1_304' title='bbox 454 4211 638 4278; x_wconf 80' lang='lat' dir='ltr'>Grammat·</span> <span class='ocrx_word' id='word_1_305' title='bbox 662 4233 699 4298; x_wconf 79' lang='lat' dir='ltr'>p.</span> <span class='ocrx_word' id='word_1_306' title='bbox 727 4212 810 4278; x_wconf 76' lang='lat'><strong>407.</strong></span> <span class='ocrx_word' id='word_1_307' title='bbox 826 4206 1070 4281; x_wconf 74' lang='lat' dir='ltr'>controversias</span> <span class='ocrx_word' id='word_1_308' title='bbox 1089 4206 1209 4286; x_wconf 61' lang='lat' dir='ltr'>imbue</span> 
     </span>
    </p>
   </div>
   <div class='ocr_carea' id='block_1_9' title="bbox 1316 318 1353 388">
    <p class='ocr_par' dir='ltr' id='par_1_10' title="bbox 1316 318 1353 388">
     <span class='ocr_line' id='line_1_40' title="bbox 1316 318 1353 388; baseline 0 0"><span class='ocrx_word' id='word_1_309' title='bbox 1316 318 1353 388; x_wconf 46' lang='lat' dir='ltr'>N</span> 
     </span>
    </p>
   </div>
   <div class='ocr_carea' id='block_1_10' title="bbox 0 0 1442 4752">
    <p class='ocr_par' dir='ltr' id='par_1_11' title="bbox 0 0 1442 4752">
     <span class='ocr_line' id='line_1_41' title="bbox 0 0 1442 4752; baseline 0 0"><span class='ocrx_word' id='word_1_310' title='bbox 0 0 1442 4752; x_wconf 95' lang='lat' dir='ltr'> </span> 
     </span>
    </p>
   </div>
  </div>
 </body>
</html>
