2860 4756
254 275 812 392 aa‘ssuu.

256 497 401 560 Graecos
416 492 524 558 dicere
539 493 665 573 νὲπους,
687 491 848 582 metopae,
870 516 913 563 ne
929 518 970 562 cx
985 475 1106 584 graeco*
1119 524 1153 566 νε
1175 499 1242 564 sive
1259 525 1308 582 aa,

254 580 1309 667 sedutrumqueexbebraicovocabulopatransmutatofactum

254 665 326 732 esse
341 668 441 732 dixit:
464 667 664 766 Hartungips
679 671 843 756 antiquius
855 670 991 736 verbum
1006 671 1132 736 invenit
1147 673 1181 737 in
1196 672 1307 737 indico

1372 473 1375 480 -
1426 425 1427 502 l

1426 551 1427 568 t

1426 613 1427 630 t

1426 697 1427 708 l

143 782 153 800 r
252 778 322 834 aa,
354 753 446 821 nude
470 776 517 817 ne
542 763 573 814 et
597 777 634 816 na
658 767 767 820 ortum
800 757 853 819 sit.
906 755 969 820 Sed
1001 759 1158 842 quoniam
1192 758 1308 822 Graeci
1338 783 1339 786 =

253 843 354 904 etiam
370 838 427 918 clv,
449 838 556 902 Latini
583 838 622 902 iu
645 841 686 904 ad
711 843 874 929 negandas
898 843 1051 906 notiones
1076 843 1308 924 adhibuerunt,

251 928 473 1002 Buttmannus
497 925 662 1012 primitiva
684 927 781 1010 verba
806 928 950 992 eiusdem
969 928 1218 1013 significationis
1235 931 1306 994 exi·

247 1013 408 1078 'stimabat
421 1011 522 1076 fuisse
545 1005 584 1073 dr
600 1021 630 1076 et
646 1035 702 1094 aa:
725 1037 823 1099 quem
841 1025 997 1099 sequutus
1017 1015 1307 1093 Weissenbornius

254 1102 291 1165 in
308 1101 491 1180 Grammat.
516 1120 550 1184 p.
577 1099 649 1162 174.
680 1101 799 1164 eodem
822 1101 926 1164 modo
950 1102 1123 1186 opinatur,
1148 1103 1186 1166 a'n
1209 1113 1241 1166 et
1264 1125 1307 1166 ne

253 1208 295 1251 ex
312 1177 483 1252 communi
500 1185 628 1266 origine
642 1195 716 1250 nata
731 1209 801 1274 esse
817 1187 920 1250 vocali
937 1188 987 1250 vel
1006 1199 1080 1274 post
1101 1208 1140 1268 n,
1164 1188 1214 1252 vel
1232 1197 1307 1252 ante

252 1295 325 1336 enm
350 1273 493 1336 litteram
518 1269 652 1334 omissa.
706 1272 807 1352 Quod
831 1273 857 1336 si
882 1273 1118 1359 probaremus,
1139 1275 1307 1358 incognita

250 1359 448 1422 haberemus
460 1355 621 1444 ,vocabula
637 1357 693 1421 ine
713 1369 744 1421 et
759 1357 828 1438 dvc,
851 1381 912 1422 nec
929 1357 1022 1422 facile
1038 1359 1306 1446 intelligeremus,

251 1445 423 1530 quomodo
440 1466 479 1506 ex
495 1443 551 1506 ine
573 1441 697 1506 factum
715 1453 798 1510 esset
818 1469 872 1508 ne.
914 1441 996 1508 lllud
1023 1465 1124 1508 unum
1151 1445 1233 1508 mibi
1255 1445 1305 1507 vi-

250 1533 347 1599 detur
377 1529 614 1608 certissimum,
650 1529 821 1594 universae
854 1531 982 1614 generis
1014 1528 1152 1594 humani
1175 1531 1305 1615 linguae

249 1617 317 1680 hoc
341 1615 492 1680 innatum
519 1637 606 1693 esse,
629 1625 664 1676 ut
680 1615 811 1700 negatio
833 1635 892 1700 per
921 1637 1035 1679 vocem
1058 1639 1081 1678 n
1097 1617 1303 1701 exprimere·

250 1713 325 1781 tur,
348 1713 445 1787 atque
463 1699 584 1764 vocalis
602 1699 650 1763 vel
667 1693 930 1788 praeponeretur
950 1700 997 1764 vel
1019 1700 1212 1765 adderetur:
1237 1723 1302 1765 un-

245 1788 293 1852 ‘de
311 1811 359 1852 un
381 1799 412 1852 ct
437 1788 476 1852 in
500 1798 531 1850 et
551 1807 598 1848 nn
615 1798 645 1848 et
668 1810 717 1851 nn
738 1797 770 1850 et
786 1810 828 1850 na
844 1795 877 1850 et
899 1785 954 1864 ni,
976 1795 1009 1850 et
1032 1797 1156 1851 mutata
1180 1809 1302 1852 conso·
1375 1835 1377 1838 -

251 1885 349 1939 nante
383 1869 423 1954 μὴ
455 1857 663 1934 diceretur.l
693 1871 991 1958 Transponuntur
1013 1883 1123 1936 autem
1156 1873 1302 1958 litterae,

251 1971 287 2024 ut
310 1961 344 2032 in
360 1961 399 2042 ῥα
417 1968 447 2022 et
462 1953 517 2042 ἄρ,
538 1961 605 2038 μῶν
621 1966 653 2020 et
671 1979 772 2036 arum,
797 1953 857 2036 pala
883 1967 915 2021 et
939 1975 1041 2038 nam,
1065 1958 1119 2022 sic
1136 1959 1175 2022 ni
1196 1971 1229 2028 et
1254 1959 1303 2024 in.
1397 2005 1401 2010 -

249 2043 482 2111 Veteresadeo
500 2065 562 2130 pro
581 2041 651 2105 nisi
670 2043 930 2128 pronuntiabant
945 2044 1020 2108 nesi
1031 2055 1063 2106 et
1083 2043 1166 2107 sine.
1209 2044 1304 2124 Quae

249 2150 352 2219 quum
370 2131 413 2212 ita
429 2130 512 2208 sint,
535 2129 623 2192 recte
642 2129 858 2218 componitur
873 2128 1009 2192 latinum
1029 2152 1070 2193 ne
1086 2151 1161 2209 cum
1181 2131 1303 2215 graccis

188 2240 191 2248 ’
247 2213 401 2298 cauernae,
421 2211 578 2297 νηπενθὴς
594 2225 626 2278 et
642 2237 716 2278 cum
734 2213 870 2297 ἀνηλεής,
886 2210 1003 2295 ramale.
1042 2215 1303 2297 Fundamentum

247 2305 349 2389 igitur
365 2301 795 2390 latinorumgvocabulorum
814 2311 882 2364 erat
898 2301 966 2376 aei,
988 2323 1029 2364 ex
1050 2321 1116 2388 quo
1133 2303 1235 2366 modo
1249 2325 1302 2378 ne,

200 2383 206 2397 l
248 2391 351 2454 modo
372 2389 411 2452 ni
434 2387 640 2454 factumest.
683 2390 791 2472 Atque
808 2386 888 2450 illud
900 2387 962 2448 nei
979 2387 1180 2468 etiamnunc
1197 2395 1312 2452 exstat·

246 2475 514 2560 ininscriptionc
530 2472 616 2559 apud
634 2471 797 2536 Orellium
816 2494 849 2534 n.
868 2476 962 2536 3121.
984 2471 1070 2535 niet
1088 2472 1164 2537 nive
1179 2467 1303 2538 ibidem

249 2572 282 2626 et
305 2585 339 2624 aa
358 2563 438 2624 642,
478 2555 527 2624 Na·
550 2580 613 2643 pro
634 2553 676 2620 irc
695 2568 816 2622 veteres
839 2555 980 2636 dixisse,
1003 2556 1133 2622 Servius
1157 2559 1198 2623 nd
1219 2561 1302 2624 Aen.

248 2654 278 2724 3,
296 2651 370 2714 686.
387 2655 420 2716 ,et
435 2645 584 2708 Donatus
603 2641 642 2706 ad
660 2641 889 2708 'l'erent.Eun.
906 2647 978 2722 2,3.
998 2645 1050 2707 35.
1074 2649 1105 2723 3,
1114 2649 1149 2720 Ι3,
1167 2651 1197 2710 2.
1218 2667 1302 2710 nar·

104 2795 105 2802 ,
174 2741 175 2746 ’
247 2743 332 2798 rant.
350 2729 586 2816 ,ln-Propertii
604 2734 635 2808 2,
652 2733 683 2806 7,
703 2729 763 2814 (6,)
782 2735 814 2794 3.
841 2749 1077 2814 quum‚omnes
1094 2731 1222 2794 codices
1239 2753 1301 2797 ex-

248 2819 384 2884 hibeant
415 2815 471 2892 ni,
517 2813 549 2876 id
586 2813 820 2898 Broukbusius
865 2813 1040 2878 vindicavit
1073 2815 1300 2903 inscriptionis

249 2902 419 2972 cniusdam
441 2901 644 2967 auctoritate.
689 2902 790 2984 Quod
816 2921 893 2964 vero
917 2923 960 2964 ne
983 2901 1018 2964 in
1038 2925 1143 2988 neque
1167 2903 1301 2968 brevem

247 2989 429 3076 syllabam,
451 2987 583 3073 longam
601 2990 633 3050 in
649 3009 796 3074 nequem
810 2984 930 3066 habet,
943 2985 982 3064 de
1000 2986 1061 3050 bac
1077 3011 1114 3052 re
1132 2988 1196 3052 iam
1214 2989 1301 3052 Vos·
1358 2990 1364 2994 ’

247 3079 314 3141 sius
331 3067 372 3138 de
389 3073 527 3160 Analog.
550 3075 581 3143 lt,
597 3076 648 3136 24.
675 3073 824 3159 scripsit:
850 3093 941 3154 „nec
957 3093 999 3135 ex
1016 3077 1195 3159 quantitate
1217 3073 1299 3156 sola,

248 3185 331 3244 quae
350 3157 583 3224 tantummodo
607 3158 841 3239 poeldensem,
865 3158 922 3220 sed
941 3159 1106 3244 imprimis
1132 3181 1172 3223 ex
1196 3160 1220 3223 si
1245 3160 1304 3230 ni·-¹

247 3249 400 3312 ficatione
417 3245 574 3310 iudicium
591 3243 660 3307 fieri
678 3244 815 3308 debet.“
858 3244 973 3328 Neque
995 3245 1094 3332 igitur
1110 3267 1184 3308 cum
1206 3183 1299 3314 llos,-

249 3334 388 3406 dcrlinio
404 3356 447 3397 aa
463 3331 565 3395 breve
586 3329 625 3392 ab
650 3353 694 3393 nc
709 3329 809 3417 longo
833 3330 878 3394 ita
897 3331 1153 3416 distinguamus,
1175 3340 1212 3394 ut
1227 3329 1299 3394 boc

248 3443 351 3486 unum
379 3441 453 3482 cum
471 3414 511 3497 μὴ
529 3437 779 3502 comparemus:
804 3437 880 3480 nam
908 3437 985 3480 usus
1010 3427 1097 3488 erat,
1117 3417 1173 3501 qul
1198 3439 1299 3480 men-

247 3504 360 3570 suram
387 3504 429 3567 ob
456 3501 729 3598 significationem
761 3501 987 3566 constitueret.
1041 3503 1104 3566 Sed
1136 3503 1179 3567 ob
1212 3501 1299 3567 hanc

247 3594 355 3678 ipsam
378 3587 624 3676 significationis
649 3609 793 3652 caussam
815 3610 879 3652 nos
900 3588 1113 3651 discernimus
1137 3611 1179 3652 ne
1204 3587 1300 3653 affir-

170 3743 176 3752 ,
247 3677 425 3752 mutinum,
469 3674 610 3757 alterum
649 3671 857 3760 negativum,
900 3673 1033 3736 tertium
1068 3673 1299 3757 dubitativum,

247 3761 338 3848 quod
362 3770 543 3846 usurpatur
565 3757 955 3846 ininterrogationibus,
993 3761 1078 3824 etin
1111 3783 1158 3824 an·
1193 3771 1298 3827 trans·

190 3884 192 3889 .
245 3857 410 3916 mutatum
430 3856 485 3910 est.

330 3995 378 4066 De
400 4023 443 4066 ne
465 3997 664 4065 affirmativo
689 3999 754 4062 iam
773 3993 934 4062 diximus.
985 3987 1033 4064 ln
1047 4001 1197 4087 negativo
1224 4012 1299 4066 ante

246 4089 357 4151 omnia
374 4086 407 4150 id
425 4097 595 4150 teneamus
612 4105 743 4150 necesse
758 4091 825 4162 est,
850 4084 1048 4170 primitivam
1072 4097 1220 4163 naturam
1236 4087 1298 4150 ad-

249 4173 351 4241 re‘rbii
364 4195 433 4238 non
449 4194 487 4237 eo
503 4193 565 4236 usu
580 4193 651 4236 esse
666 4169 796 4258 penitus
814 4181 986 4252 mutatam,
1003 4173 1298 4258 quo-coniunctio«.-
