2854 4750
560 355 716 462 urarru.
1106 363 1167 430 155
1220 331 1255 402 3
1300 461 1303 480 Ι

105 523 177 592 eive
193 545 339 612 nemppe
354 543 418 612 pro
434 535 591 610 nempote
616 521 680 592 dici
704 536 736 592 et
750 537 833 613 pote
858 547 926 591 esse
946 537 1035 618 perta.
1056 529 1164 594 conli-
1261 551 1263 562 ’

107 609 228 674 denter
243 609 400 678 affirmat.
441 610 571 674 Tamen
589 614 647 696 qui
665 611 747 677 haec
764 614 886 689 credat,
904 616 1070 678 neminem
1090 614 1165 680 sore

81 697 272 784 ,suspicor
314 697 487 762 Alternant
508 695 654 786 syllabae
671 716 739 783 ¹pce
769 701 816 774 (in
839 699 1000 785 mihipte,
1031 722 1091 762 sno
1117 704 1164 784 te)

61 842 63 846 ,
102 804 170 868 pe,
210 792 245 846 te
275 781 325 870 (iu
353 788 454 861 tute),
494 791 528 881 qt
558 782 708 848 eamdem
740 783 1012 879 significationem
1042 724 1166 851 hubent

105 869 373 945 monstrativum.
416 867 510 930 Vltra
525 870 682 955 progredi
698 870 733 932 in
748 865 810 932 hac
826 871 1018 955 quaestione
1035 893 1103 935 nou
1120 873 1164 938 li-

107 963 171 1018 eet.
225 953 338 1034 Quare
360 951 428 1017 sive
454 952 534 1018 dicis
558 975 679 1039 nempe
709 975 778 1020 esee
797 955 924 1020 factum
949 975 991 1020 ex
1018 969 1165 1043 nempte,

107 1039 176 1101 sire
193 1038 356 1126 syllabam
369 1061 426 1126 ,pe
442 1039 645 1126 primitivam
667 1049 781 1132 putas,
806 1040 1001 1108 vocabulum
1025 1065 1110 1107 num
1133 1045 1164 1110 vi

109 1122 279 1192 definitiva
296 1123 451 1211 augescit.

192 1247 288 1318 Num
305 1272 409 1338 quum
426 1273 498 1317 rem
513 1251 657 1339 aliquam
675 1250 822 1338 designet
837 1261 870 1316 et
891 1249 1045 1336 definiat,
1068 1278 1166 1322 nem-

103 1361 152 1424 pe
169 1337 195 1402 si
223 1337 332 1403 nificat
348 1360 420 1402 rem
442 1359 512 1402 esse
526 1349 674 1424 apertum
697 1349 730 1403 et
756 1348 900 1412 certam,
923 1359 1006 1424 quae
1030 1341 1166 1428 velper

108 1445 142 1488 se
160 1362 291 1510 ueiper
309 1423 385 1488 alias
401 1445 453 1488 res
474 1423 678 1510 intelligatur
703 1433 737 1488 et
760 1432 891 1488 constet
915 1433 1006 1488 extra
1032 1424 1165 1492 dubita'-

96 1510 251 1603 ktionem.
295 1508 360 1574 Sed
377 1510 516 1598 propria
538 1519 586 1574 est
602 1508 684 1574 baec
701 1509 859 1598 particula
876 1509 1044 1596 colloquii,
1067 1523 1164 1600 atque

108 1595 188 1658 inde
204 1597 240 1660 in
252 1595 420 1660 orationes
436 1595 611 1659 translata:
637 1617 791 1683 quarere
809 1594 912 1659 rarius
928 1607 1068 1664 illinitur
1085 1621 1164 1663 ora·
1182 1667 1185 1672 ,
1233 1657 1235 1662 ,

108 1691 220 1758 tores,
249 1681 315 1746 nisi
342 1678 398 1764 ubi
430 1679 653 1768 colloquentis
685 1703 862 1767 personam
896 1681 1047 1766 induunt.
1099 1685 1164 1750 Sed

109 1767 315 1852 Hartuogius
339 1765 533 1854 existimat,
547 1789 619 1830 earn
647 1789 745 1854 posse
767 1766 927 1852 appellari
949 1773 1163 1855 interrogati·
1182 1778 1193 1812 ³
1257 1807 1266 1834 a

110 1873 205 1932 vam,
239 1852 399 1938 quoniam
421 1871 504 1940 quae
529 1853 689 1940 opinione
706 1853 961 1940 concipiantur,
999 1857 1098 1919 etiarn
1128 1879 1164 1921 ru
1216 1871 1228 1894 Α

90 1937 252 2002 modum
286 1939 551 2024 interrogationis
583 1941 712 2025 possint
733 1937 959 2026 pronuntiari:
990 1941 1044 2004 alii
1068 1941 1164 2007 dixe-

110 2035 189 2090 runt
213 2045 334 2108 nempe
365 2023 488 2111 ubique
510 2025 663 2093 accedere
685 2023 725 2086 ad
752 2025 1046 2108 interrogationem
1077 2049 1163 2113 pro-

110 2119 243 2197 pterea,
269 2107 404 2196 quodsi
452 2109 557 2174 ilicetz
579 2105 715 2174 nonne?
738 2119 829 2172 estne
852 2107 920 2176 ita?
962 2114 1005 2176 At
1030 2111 1165 2180 aliaest

111 2193 378 2281 rispartieulae,
399 2133 462 2260 iiia
479 2195 591 2260 forma
617 2195 795 2274 orationis,
819 2215 903 2279 quae
928 2193 1017 2260 illam
1042 2199 1163 2262 mode-

110 2291 221 2358 ratur,
252 2303 322 2345 non
345 2281 460 2368 gignit.
503 2281 589 2352 Nam
617 2303 755 2366 nempe,
779 2281 876 2344 eliam
900 2291 992 2344 extra
1018 2282 1163 2346 interro·
1266 2352 1271 2362 ,

111 2369 281 2454 gationem
304 2368 470 2453 positum,
493 2363 639 2452 allirmat
664 2366 798 2430 directe.
842 2366 957 2451 Neque
974 2367 1091 2432 melius
1107 2380 1165 2432 aut

106 2453 295 2518 'distinctius
325 2451 360 2518 id
388 2453 518 2518 ridetur
552 2474 640 2526 esse,
679 2451 772 2544 quod
808 2445 963 2518 nonnulli
1001 2453 1164 2518 ironicam

111 2538 308 2626 particulam
326 2539 482 2628 ambiguo
499 2539 603 2602 verbo
623 2549 753 2621 vocant.
796 2535 907 2602 lronia
924 2539 1013 2604 enim
1030 2539 1071 2602 ad
1088 2538 1164 2614 for-

111 2647 202 2689 mam
238 2624 575 2713 orationisxpertinet
609 2634 711 2710 atque
748 2623 880 2688 aliunde
920 2623 1065 2706 accedit,
1101 2649 1188 2696 nec..

112 2733 188 2775 usus
210 2709 390 2796 particulae
412 2721 542 2778 tautum
567 2707 607 2778 ad
632 2709 927 2774 dissimulationem
955 2720 1010 2772 aut
1031 2713 1163 2777 irrisio-

112 2818 188 2860 nem
204 2807 358 2883 spectat.'
384 2795 531 2862 Aliarum
548 2795 735 2882 linguarum
759 2795 914 2861 vocabula
938 2797 964 2858 si
988 2817 1164 2885 compara·

111 2903 204 2956 mus,
234 2881 337 2946 latino
362 2882 394 2946 in
419 2881 573 2970 plurimis
609 2881 791 2966 respondet
820 2883 1047 2968 germanicum
1075 2884 1164 2962 bal,
1270 2953 1277 2972 ,

111 2967 243 3036 liciter.
267 2966 395 3054 dequo
420 2967 620 3054 Hartungius
643 2967 674 3031 Τ
677 2989 745 3032 om.
761 2972 792 3032 2.
816 2991 852 3056 p.
867 2969 942 3031 416.
967 2967 1162 3040 disputavit:

112 3053 144 3116 in
162 3053 363 3138 quibusdam
382 3053 580 3118 dictionibus
598 3051 802 3117 declarandis
818 3074 971 3139 graecum
991 3053 1049 3118 οὖν
1068 3051 1164 3120 adbi-

112 3138 181 3207 beri
202 3149 323 3224 potest,
343 3139 378 3204 iu
393 3139 464 3206 aliis
479 3133 600 3220 δηλαδή.
637 3137 743 3226 Saepe
756 3138 852 3226 reddi
871 3138 948 3204 licet
963 3159 1026 3226 per
1042 3140 1091 3222 iu,
1113 3125 1163 3206 rial

28 3299 33 3310 ι
113 3246 173 3310 per
189 3225 268 3290 alias
284 3226 462 3312 particulas
479 3221 679 3306 affirmandi.

214 3343 393 3398 Heindorllue
407 3343 498 3398 reddit
511 3361 562 3414 per
577 3345 643 3398 doclr
664 3341 749 3406 wahl,
766 3341 833 3394 doeb
852 3346 881 3394 ct
897 3345 974 3408 putat
993 3339 1110 3395 indicari
1125 3342 1164 3407 id,
1204 3375 1211 3395 t
1253 3330 1257 3338 ’

176 3415 312 3497 quodsi,
337 3429 386 3498 qui
407 3429 544 3498 loquitur,
565 3435 670 3482 eertum
688 3427 817 3488 ridetur,
843 3425 927 3480 etiam
951 3425 995 3486 ei,
1014 3425 1062 3494 qui
1077 3429 1175 3493 autlil,⁴

178 3513 270 3567 rideri
284 3515 394 3596 debore.
429 3517 484 3570 Sed
498 3531 568 3586 quae
585 3515 670 3568 allcrt
687 3511 829 3579 exempla,
846 3527 899 3565 nou
914 3509 1005 3566 omnia
1021 3513 1165 3581 quadrant.
1271 3513 1276 3523 '

196 3663 222 3730 Ι.
247 3670 277 3732 l.
306 3667 458 3733 Primum
481 3667 582 3754 igitur
607 3685 744 3750 nempe,
766 3659 963 3726 vocabulum
993 3663 1163 3752 colloquii,

111 3749 236 3814 iudicat
260 3751 383 3818 claram
400 3775 470 3819 esse
487 3769 519 3816 et
535 3747 765 3814 affirmandam
788 3767 918 3812 remex
939 3749 1083 3828 alterius,
1105 3755 1162 3837 qui

111 3835 337 3924 colloquitur,
358 3840 518 3921 sententia
535 3835 584 3901 vel
601 3845 724 3921 mente.
769 3831 822 3897 Ex
837 3833 969 3898 alterius
983 3837 1072 3900 enim
1090 3849 1164 3901 rer-

113 3922 163 3986 bis
189 3923 322 4008 ducitur
345 3935 596 4012 argumentum,
627 3921 677 3986 vol
708 3917 840 3984 additur
867 3921 927 3994 iis,
964 3943 1047 4007 cquae
1077 3921 1162 3990 dicta

111 4018 226 4085 erant,
249 4007 450 4088 affirmatio,
474 4031 541 4094 quo
556 4027 652 4074 sensu
673 4004 859 4092 accipienda
884 4007 961 4068 sint.
1004 4009 1163 4072 Germani

89 4092 299 4178 .loquuntur
325 4098 375 4161 iu.
410 4096 578 4162 ¹Particula
596 4093 686 4157 enim
704 4095 768 4156 vim
789 4089 890 4154 habet
910 4091 1090 4156 verborum
1110 4105 1162 4158 est

111 4179 188 4259 ito,
211 4191 344 4267 negare
359 4192 560 4270 nauperes,
581 4181 631 4245 rel
650 4177 740 4266 quod
764 4177 1024 4262 interrogatione
1047 4179 1161 4266 expri-
