2798 4756
262 344 328 412 49⁰
724 333 855 404 POST.

348 511 389 581 li.
415 513 444 577 i.
471 507 524 576 Dc
541 515 695 594 ternpore
716 505 846 572 dictum
865 511 1059 594 postauam
1074 499 1178 570 habet
1196 505 1332 594 signifi-

263 600 430 668 cationem
445 595 494 662 rei
510 593 725 677 succedentis,
740 593 798 658 sed
813 592 848 657 in
863 588 1017 685 oratione
1032 589 1158 657 variam
1175 601 1331 658 structu·

261 709 349 754 rsm.
408 681 462 750 Ex
486 680 527 747 iis
549 702 649 762 vera,
692 701 775 767 quae
799 678 841 744 de
864 674 1028 764 particula
1055 687 1140 746 ante
1165 677 1331 746 Tom.1,

261 795 298 864 p.
327 775 403 838 870.
429 765 578 856 exposita
601 763 696 842 suiit,
744 761 1014 853 plurima·etiam
1048 759 1088 826 ad
1119 763 1331 832 vocabulum

260 869 340 950 post
353 855 534 944 pertinent,
555 863 654 939 atque
670 863 804 940 tempus
819 851 984 936 posterius
1001 857 1057 912 aut
1074 847 1116 912 ad
1132 849 1221 916 illud
1240 862 1331 918 tem-

261 966 325 1034 pus
344 940 500 1018 refertur,
523 961 557 1003 m
575 961 642 1026 quo
659 949 808 1004 versatur
826 937 864 1011 is,
880 937 938 1022 qui
952 931 1112 1018 loquitur,
1130 936 1184 1004 vel
1202 939 1332 1006 versari

262 1029 386 1098 dicitur
419 1026 468 1102 ia,
514 1023 648 1124 detque
684 1034 734 1088 est
765 1043 896 1087 sermoe
949 1020 1052 1085 vetuti
1075 1032 1155 1109 past
1191 1046 1331 1111 paucas

144 1147 152 1158 ·
262 1115 349 1191 dies,
372 1111 462 1179 nach
483 1131 643 1200 wenagen
672 1109 814 1197 Tagen.-
845 1115 902 1171 aut
923 1104 991 1170 duo
1008 1113 1164 1194 tempora
1182 1131 1254 1198 per
1271 1113 1332 1177 ad.

261 1201 413 1270 verbium
433 1199 521 1263 inter
542 1219 577 1262 se
601 1205 848 1282 comparantur,
874 1213 1020 1278 quorum
1040 1190 1184 1260 alterum
1207 1199 1331 1286 expri-

261 1287 368 1354 mitur
391 1283 534 1350 ablativo
559 1281 726 1361 nominis,
761 1279 887 1366 paucis
919 1275 1037 1343 diebus
1052 1289 1154 1366 post,
1187 1286 1330 1374 wenige

264 1371 368 1462 Tage
382 1369 544 1436 naclrlzer.
588 1368 681 1432 Hanc
706 1387 787 1432 vero
808 1363 1054 1428 distinctionem
1076 1385 1146 1430 non
1168 1370 1248 1434 sine
1275 1393 1330 1435 ra·

262 1461 355 1526 tione
373 1457 497 1530 factam
515 1475 592 1518 tusus
617 1453 749 1540 linguae
777 1449 920 1538 vulgaris
944 1447 1052 1514 multo
1068 1452 1173 1538 magis
1189 1452 1228 1519 in
1250 1469 1329 1544 post

263 1567 364 1636 quam
379 1544 414 1608 in
429 1551 510 1607 ante
524 1539 679 1618 elevavit,
704 1537 819 1602 etiam
842 1535 1028 1621 antiquiore
1048 1547 1152 1603 aetate
1174 1543 1329 1628 scripto-

262 1655 318 1698 res
341 1627 496 1694 dicebant
515 1635 596 1712 post
623 1623 708 1692 duaa
736 1645 846 1688 annos
870 1643 931 1709 pro
956 1619 1084 1686 ἅιιοὸιιε
1106 1626 1215 1690 annis
1234 1641 1328 1717 post.

262 1714 549 1804 Praepositionem
573 1713 660 1776 inter
693 1730 819 1774 nomen
844 1717 878 1772 et
902 1705 1100 1790 adjectivum
1116 1709 1327 1779 interiectam

262 1823 365 1869 nemo
387 1801 421 1865 in
450 1797 691 1862 dubitationem
708 1794 849 1874 vocabit,
870 1801 983 1857 tamen
1004 1804 1082 1858 sunt
1097 1793 1279 1875 dictiones,
1295 1801 1327 1865 in

264 1888 384 1977 quibus
399 1896 529 1967 tempus
548 1883 733 1948 accusativo
750 1879 957 1966 designatum
972 1899 1048 1944 oum
1067 1879 1241 1964 adverbio,
1258 1907 1327 1951 non

263 1996 342 2040 cum
367 1969 612 2061 praepositione
643 1966 806 2054 componi
834 1964 992 2030 videatur.
1049 1965 1133 2032 Vide
1157 1968 1269 2036 Tom.
1300 1978 1328 2038 1.

263 2083 301 2150 p.
319 2065 395 2127 871.
414 2079 478 2144 qua
499 2056 532 2120 in
555 2078 592 2120 re
613 2076 746 2120 mecum
767 2050 931 2116 consentit
952 2049 1127 2118 Walcbius
1152 2054 1197 2121 ad
1221 2055 1328 2123 Tacit.

263 2149 342 2235 Agr.
356 2169 391 2235 p.
406 2144 483 2210 427.
518 2141 731 2227 Quamquam
754 2159 833 2203 vero
854 2135 1049 2202 adverbium
1068 2148 1166 2205 acuta
1184 2155 1327 2210 accentu

264 2229 529 2320 distinguebatur
544 2250 561 2292 a
579 2223 840 2316 praepositione,
862 2243 946 2310 quae
969 2222 1059 2311 gravi
1084 2239 1227 2293 accentu
1243 2253 1328 2318 pro-

264 2316 410 2384 nuntiari
436 2311 582 2390 solebat,
611 2310 815 2400 probabilius
845 2307 974 2375 videtur
1003 2322 1233 2392 commutatas
1262 2338 1329 2382 essa

262 2403 395 2474 formas
413 2402 469 2479 ita,
492 2410 530 2464 ut
552 2398 763 2472 adverbium,
790 2394 848 2494 ubi
868 2395 1139 2494 interponeretur
1152 2399 1248 2466 inter
1263 2424 1328 2467 no-
1373 2459 1374 2464 ,

262 2490 368 2566 mina,
385 2487 420 2554 in
464 2485 721 2572 raepositicnem
741 2491 909 2548 transiret.
932 2480 1081 2564 Lrv.·42,
1108 2487 1159 2565 10,
1181 2487 1217 2552 5,
1240 2485 1329 2553 M.
1373 2501 1374 2522 1

264 2577 345 2642 aius
378 2597 420 2640 ae
447 2593 499 2638 em
524 2571 703 2638 Fortunae
729 2567 920 2656 Equestris,
945 2589 1049 2654 mam
1072 2571 1268 2658 proconsul
1295 2574 1330 2640 in

263 2661 316 2730 Hi
358 2660 445 2726 ania
459 2693 503 2709 -
530 2667 697 2736 voverat,
720 2675 830 2720 annos
853 2665 1148 2742 coapostatam
1170 2671 1330 2736 voverat,
1373 2729 1374 2736 χ

266 2747 311 2814 de
338 2743 458 2812 inavit.
497 2741 576 2806 Non
596 2751 686 2807 recte
710 2737 914 2806 Schwarnias
939 2739 1017 2804 dicit
1041 2743 1331 2829 praepositionem

263 2855 337 2900 essa
356 2827 596 2918 postpositam:
623 2839 672 2892 est
691 2825 780 2892 enim
803 2847 895 2890 anno
920 2836 1014 2891 sexto
1036 2837 1134 2914 port.-
1165 2849 1275 2915 quem
1299 2832 1330 2896 ic

267 2915 410 2984 modum
432 2913 572 2978 dicimus
593 2913 718 2978 abhinc
735 2935 794 2976 aex
811 2931 932 2976 annos.
974 2909 1083 2977 Tacit.
1099 2912 1187 2979 Ann.
1207 2917 1262 2996 14,
1283 2922 1332 2983 12.

266 3025 355 3094 quae
371 3000 460 3068 adeo
476 2999 550 3064 aine
564 3022 647 3064 cnra
672 2999 775 3064 desim
804 2993 1016 3076 eveniebant,
1040 3007 1079 3064 ut
1104 2997 1234 3064 mistros
1254 3012 1332 3091 past

267 3112 379 3156 annas
397 3083 489 3152 Nero
506 3085 691 3174 imperinm
707 3095 741 3148 et.
755 3081 885 3146 scelera
901 3081 1169 3148 continuaverit.
1215 3085 1257 3152 ln
1281 3087 1332 3153 bis

269 3174 429 3260 quoniam
456 3173 661 3260 praepositio
694 3166 841 3235 adverbii
865 3169 971 3234 vicem
1002 3179 1170 3256 praestare
1197 3171 1333 3238 videtur

268 3260 374 3344 (niele
396 3257 693 3339 Jatrenactner),
716 3253 801 3320 nihil
824 3253 977 3342 impedit,
1012 3275 1081 3341 quo
1103 3255 1218 3322 minus
1243 3258 1333 3343 apud

268 3346 338 3413 Cic.
357 3369 390 3436 p.
407 3344 502 3409 Rosc.
519 3346 594 3409 Am.
619 3343 671 3424 44,
698 3344 771 3406 128.
797 3338 928 3428 aliquot
948 3350 1181 3428 postmontes
1205 3344 1333 3410 redda-

266 3454 345 3498 mus
371 3430 487 3531 einige
510 3430 652 3498 Monate
674 3427 837 3493 nacbber.
885 3423 1096 3494 adverbium
1115 3424 1250 3494 fectum
1285 3439 1335 3497 est

269 3527 488 3608 praepositio.

372 3645 714 3714 cic.adAtt.2,11.at
739 3647 809 3702 iden
834 3647 946 3702 Pericles
970 3663 1025 3702 nan
1043 3647 1122 3718 facit,
1149 3666 1254 3704 annm
1275 3653 1336 3719 sara

337 3743 397 3808 past
430 3733 685 3806 quinquagesimam.
715 3730 737 3787 i.
764 3747 789 3785 e.
823 3731 1021 3804 qninquaginta
1049 3731 1129 3788 annis
1155 3737 1334 3804 pantenus,

333 3819 451 3893 Jdnssig
467 3819 551 3872 tatas
568 3821 666 3888 vpdter.
699 3817 758 3872 asu
779 3815 880 3888 vtrgtt.
899 3817 959 3872 aar.
978 3815 1066 3886 1,68.
1087 3837 1118 3874 en
1135 3837 1266 3888 uramur
1284 3840 1334 3893 μ.
1372 3819 1373 3828 ’

337 3904 403 3962 tric·
422 3903 505 3973 tanga
520 3909 580 3972 aaut
595 3902 836 3977 tenporafieia-
851 3903 942 3959 vidais
957 3904 1093 3960 water?
1110 3903 1334 3974 tamennon-

341 4003 410 4061 μαι
428 3990 548 4056 tenpus.

329 4104 952 4179 ,Ltnnlnnettaupoesntetnsn
976 4123 1075 4164 muns
1099 4107 1216 4180 aptate
1241 4127 1335 4167 um

341 4194 407 4251 tata.
433 4189 554 4249 rann.
571 4191 599 4262 1,
617 4191 662 4260 lt,
677 4190 706 4248 i.
723 4198 782 4263 past
795 4207 896 4262 pmcne
910 4192 973 4250 uta.
