2886 4756
627 337 739 421 uun.
904 303 907 310 ’
1130 325 1196 408 nr
1272 303 1275 313 ’

137 509 217 598 qui,
240 527 346 596 quum
371 505 460 574 haud
484 529 559 576 raro
579 531 705 576 mrmrre
725 533 742 574 a
761 507 905 576 librariis
921 507 955 574 in
978 529 1060 573 num
1080 519 1196 578 muta-t

135 608 211 661 turn
232 589 402 675 ‘vidissent
427 595 507 660 iliud
530 617 598 660 non
622 608 711 661 recte
727 595 909 660 formatum
925 617 994 660 esse
1013 606 1195 664 censerent.

135 682 376 748 Defensiouem
403 681 525 745 bonurn
543 682 633 746 dedit
648 683 803 748 Kloteius
820 683 860 747 ad
878 683 946 746 Cic.
963 681 1049 749 Lael.
1067 705 1101 768 p.
1121 686 1194 750 15¹1.

135 769 172 834 in
198 789 238 831 eo
264 775 377 832 tamen
413 765 536 842 fuisos,
569 769 658 855 quod
685 769 913 833 auctoritatem
941 767 1049 832 Plauti
1074 769 1194 856 uppet-

136 854 193 920 lat.
221 853 307 917 Nam
327 851 414 940 apud
435 857 582 918 comicos
598 875 761 938 nusquam
780 865 886 919 exstat
900 875 1035 928 numne,
1054 865 1086 918 et
1103 853 1194 940 quod

135 938 304 1005 nlenten
321 962 362 1003 ex
388 938 527 1004 Trucul.
547 945 579 1018 2,
604 945 633 1014 6,
652 944 705 1006 65.
730 963 856 1005 numne
876 940 924 1004 rie
942 961 1013 1016 me,
1036 940 1193 1026 voluptas
1244 1001 1249 1008 .

134 1043 235 1100 meo,
263 1037 601 1112 provocaturum,
633 1026 684 1090 ire
713 1025 763 1090 ad
784 1021 952 1092 coenum?
980 1025 1193 1092 scribendum

134 1123 187 1174 est
206 1133 289 1174 num
304 1113 420 1189 nevis,
443 1120 480 1174 ut
496 1111 529 1174 in
547 1113 647 1178 Poen.
668 1115 699 1188 5,
716 1117 746 1187 2,
765 1118 836 1177 119.
865 1112 926 1176 Vbi
941 1111 1049 1178 Latini
1066 1133 1194 1178 numm

134 1197 312 1275 dixerunt,
350 1199 513 1261 maiorem
543 1197 610 1262 vim
641 1197 794 1262 tribuisse
823 1197 977 1263 videntur
1002 1196 1194 1286 interroga·
1256 1227 1258 1230 ·

132 1283 236 1346 tionis
256 1301 462 1369 quamquem
478 1281 512 1345 id
530 1305 599 1346 uon
614 1305 747 1372 semper
762 1281 885 1348 factum
906 1305 986 1360 esse,
1003 1285 1198 1350 monstrent

133 1371 288 1453 exempta
306 1370 481 1454 quaedem·
525 1369 671 1434 Oreliiue
697 1355 806 1434 eutem
829 1370 869 1434 ad
890 1371 961 1441 Cice
975 1369 1078 1434 Ture.
1094 1379 1123 1448 1,
1137 1373 1192 1448 32,
1216 1375 1217 1378 ’

132 1459 189 1518 77.
214 1454 385 1540 distinguit
409 1456 465 1534 ita,
487 1458 579 1542 qunsi
595 1478 720 1520 turmae
741 1457 789 1520 ris
806 1456 895 1520 idem
917 1457 959 1520 sit
973 1455 1070 1540 -quod
1087 1456 1192 1535 aisne,

132 1539 250 1628 paullo
265 1551 378 1604 tamon
402 1542 507 1626 magis
533 1540 808 1630 hypotheticum:
831 1542 923 1630 quod
946 1541 1026 1629 quid
1051 1540 1106 1624 sit,
1127 1563 1190 1627 ego

133 1625 362 1713 quidemnon
393 1642 562 1712 assequor.
1000 1651 1002 1656 ·

220 1711 494 1796 interrogationis
512 1711 635 1799 duplex
651 1721 700 1775 est
715 1733 838 1800 genus,
869 1709 993 1810 duplex
1016 1711 1191 1798 utri-usque

131 1798 280 1884 speeies,
314 1797 384 1860 sed»
404 1819 635 1884 quoecumque
664 1799 783 1862 nititur
806 1801 839 1861 in
865 1797 1052 1862 disiunctiri
1077 1799 1189 1864 iudicii

64 1965 65 1970 ἵ
130 1882 355 1948 fundamento
379 1893 412 1948 et
433 1885 512 1968 duas
536 1884 636 1949 habet
650 1894 772 1970 partes,
795 1904 934 1970 quarum
955 1882 1055 1947 altera
1075 1885 1191 1949 sinon

133 1969 242 2032 verbis
268 1969 487 2056 exprimitur,
508 1980 620 2034 tomen
645 1971 847 2056 rogitatione
870 1969 1096 2033 substituenda
1128 1981 1189 2038 est.

132 2055 199 2120 Sed
218 2053 384 2119 diversum
406 2077 507 2140 genus
522 2057 798 2143 interrogationes
816 2055 962 2119 efficiunt
977 2077 1044 2128 eue,
1070 2055 1190 2140 quibus

131 2141 173 2218 is,
192 2141 248 2228 qui
266 2143 402 2227 quaerit,
427 2141 583 2229 ignorans
599 2141 682 2206 seire
701 2144 802 2229 cupit,
823 2142 928 2226 quatis
951 2141 993 2206 eit
1009 2161 1060 2205 res
1078 2144 1190 2220 (estne

130 2227 261 2290 leonore
282 2227 446 2314 dignm,
471 2251 518 2291 un
533 2249 603 2292 nore
619 2225 725 2312 est?)=
750 2237 782 2292 et
800 2249 874 2300 eae,
901 2227 1018 2314 quibus
1039 2227 1189 2290 interro·

131 2333 214 2398 gans
236 2314 275 2376 de
300 2313 460 2399 opinione
488 2335 546 2376 sua
571 2323 646 2376 ante
668 2313 988 2398 concepta-quaerit,
1011 2332 1189 2378 assensunu

131 2402 395 2484 comprobetur,
425 2399 708 2484 anirnprobeturr
740 2398 837 2462 veluti
861 2397 1004 2477 (bonum
1025 2401 1111 2480 ests)
1139 2419 1189 2462 un

130 2507 203 2566 non
233 2481 308 2550 est?
342 2483 433 2572 quod
459 2485 579 2548 omissa
609 2485 800 2549 disiunctive
825 2483 986 2571 particule
1018 2482 1054 2547 fit
1075 2506 1188 2548 noune

131 2559 213 2634 est?
249 2565 346 2650 (Non
362 2581 411 2633 est
429 2569 588 2654 bonume)
609 2595 655 2635 un
677 2583 795 2635 tumen
818 2567 893 2634 est?
921 2567 1012 2657 quod
1037 2568 1107 2633 fere
1132 2569 1187 2634 di-.

132 2653 221 2719 citur
243 2679 326 2719 num
346 2653 422 2720 est?
446 2655 513 2720 iam
532 2657 720 2721 Gronovius
742 2657 774 2721 in
793 2656 967 2728 Observat.
985 2657 1107 2744 p..650.
1122 2653 1187 2718 uite
1292 2685 1299 2705 s
1397 2655 1403 2662 “

76 2782 81 2791 1
129 2743 243 2818 ‚ioum'
268 2741 353 2804 velet
385 2765 432 2813 on
469 2739 600 2807 etium?
641 2766 711 2807 non
736 2741 820 2808 valet
843 2741 910 2806 hoc
935 2764 996 2806 usu
1024 2735 1203 2805 unnon?‘⁴'

93 2881 103 2892 .
131 2825 245 2906 Quure
271 2837 360 2892 recte
389 2827 578 2892 vocabimus
605 2827 766 2893 inversam
793 2826 1124 2916 interrogationem.'
1146 2823 1186 2890 ΙιιΙ

128 2910 197 2976 hoc
216 2913 303 2976 enim
320 2935 440 2998 genere
455 2913 633 2978 secundam
653 2913 919 3000 interrogationis
941 2926 1068 3002 partem
1093 2921 1186 2976 tene-

128 3017 220 3076 mus·
238 3001 350 3084 'primu
371 3009 446 3062 unte
458 3002 627 3084 occupata,
651 3010 748 3086 atque
763 3001 957 3086 respicimus
976 3001 1015 3065 ad
1033 3000 1077 3076 id,
1094 2998 1185 3086 quod

129 3085 225 3170 prius
242 3083 468 3169 cogitavimus.
501 3085 565 3148 Sed
586 3087 754 3171 utriusque
770 3085 897 3172 generis
916 3085 1042 3172 duplex
1060 3085 1186 3150 exsistit

128 3171 331 3256 speeieseo,
366 3172 456 3256 quod
475 3171 510 3234 iu
537 3172 649 3257 primo
676 3195 796 3258 genere
826 3171 925 3238 altera
954 3194 1032 3258 pars
1063 3171 1184 3248 omitti,
1277 3187 1282 3209 t

127 3255 332 3320 insecundo
364 3256 439 3321 addi
467 3265 579 3342 potest
613 3257 723 3323 attera.
771 3259 858 3322 Nam
886 3257 1006 3320 dicitur
1025 3267 1184 3341 potestne

127 3341 192 3405 hoc
203 3337 317 3427 fieri?
337 3339 485 3428 intellige
509 3365 555 3406 uo
572 3366 641 3406 non
661 3341 798 3428 potest?
816 3344 858 3406 Et
877 3343 912 3407 in
935 3343 1038 3406 altero
1051 3363 1183 3427 genere,

128 3443 215 3512 quae
230 3429 340 3512 ipsum
357 3447 423 3490 uno
440 3427 594 3491 membro
612 3428 714 3492 altero
736 3439 872 3506 constat,
894 3429 1048 3492 accedere
1073 3433 1185 3513 potest

127 3513 271 3576 secunda
287 3514 394 3600 aliqua
411 3511 679 3600 interrogationis
695 3537 783 3600 pers.
809 3514 902 3600 quasi
920 3512 1093 3598 praecedat
1109 3513 1183 3598 pri-

55 3625 59 3633 ·
126 3619 201 3662 mu:
225 3599 324 3662 veluti
346 3599 436 3681 apud
453 3600 647 3664 Ciceronem
666 3622 748 3664 rrum
764 3599 852 3663 ciuus
872 3599 1003 3666 habetis
1018 3596 1186 3686 patrius?

126 3708 176 3750 arr
196 3696 340 3750 estona
368 3685 430 3748 itta
453 3685 576 3772 putria
603 3685 820 3752 communis?
844 3685 1018 3770 iniquibus
1034 3687 1183 3772 primum
1270 3687 1273 3694 “

125 3769 209 3834 illud
228 3792 336 3856 perse
358 3781 432 3834 stat.
473 3773 629 3835 Ceterum
650 3771 707 3836 iila
732 3781 807 3834 ente
834 3781 997 3859 occupate
1022 3771 1183 3836 sententia

125 3875 196 3920 non
222 3856 326 3920 modo
352 3855 608 3921 affirmationem
634 3867 666 3920 et
686 3859 899 3942 negationem
925 3857 1202 3944 comprehendi··

124 3963 220 4018 mus,
242 3942 414 4014 sedetiam
441 3942 659 4028 suspicionem
678 3943 735 4021 rei,
753 3945 910 4031 quaesit,
940 3953 974 4010 et
1000 3943 1182 4008 dubitatio-

124 4049 224 4103 nem,
247 4047 330 4114 qnae
352 4026 521 4092 affirmare
545 4049 612 4092 non
637 4029 730 4092 ausit.
1267 4045 1269 4048 ·

212 4117 245 4176 5.
275 4111 420 4178 Woifius
437 4133 514 4178 vero
530 4133 633 4199 quum
661 4113 844 4191 docuisset,
873 4112 963 4202 ‹iuod
994 4113 1182 4178 Broukhuae

123 4199 191 4264 sius
215 4207 249 4263 et
272 4199 438 4266 Gesnerus
464 4199 590 4288 aliique
610 4212 685 4266 ante
714 4223 792 4267 eum
814 4202 1011 4288 cognovisse
1031 4199 1094 4265 sibi
1119 4199 1178 4270 riri
