2886 4756
249 355 315 434 818
738 351 850 424 Nau.

243 535 451 606 cinnanum-
465 543 534 587 non
553 520 645 612 poni,
667 521 731 590 nini
747 521 1019 612 respondendum
1039 535 1123 591 ercet
1138 525 1309 616 negando,

144 613 148 620 '
250 611 457 702 grammatici
473 609 543 672 aliis
560 609 722 698 exemplis
737 621 785 673 sat
800 611 914 674 multis
938 609 1144 697 cogebantur
1165 635 1311 678 mouere

250 701 282 764 id
306 719 375 762 non
403 717 552 780 semper,
584 717 645 758 nee
669 707 744 782 poet
766 697 864 761 verba
889 695 1061 761 dubitandi
1086 697 1168 764 fieri.
1218 686 1311 764 Vide

250 781 427 851 Heindorf.
452 781 491 844 ad
514 781 632 845 Horat.
659 781 725 845 Sat.
755 787 784 860 1,
810 787 842 860 2,
867 782 939 846 111.
960 793 992 848 et
1007 783 1131 847 librum
1151 785 1310 872 Grysaris

251 893 284 960 p.
308 874 383 935 547.
410 866 508 954 Apud
532 865 728 942 Terentium
756 867 816 933 Ad.
840 873 872 944 8,
890 870 922 950 4,
938 869 991 935 41.
1007 869 1228 956 respondetur
1243 875 1327 958 per‘

251 967 371 1034 certe„
397 956 437 1017 Ar
465 951 555 1038 quod
577 955 788 1041 negationem
813 953 972 1032 adducat,
993 977 1061 1017 non
1081 967 1129 1019 eat
1147 957 1180 1019 in
1201 958 1311 1040 parti-

252 1042 325 1107 cula
348 1061 431 1105 nram
456 1039 621 1124 positum,
654 1059 737 1124 qnae
768 1048 897 1102 tantum
924 1043 991 1104 vim
1021 1041 1241 1106 constituendi
1274 1051 1313 1107 et

253 1123 445 1212 designandi
463 1127 498 1190 in
514 1145 549 1188 se
569 1124 677 1188 habet.
721 1123 822 1200 Sicuti
843 1126 877 1190 in
899 1125 1032 1189 alterins
1057 1130 1187 1210 generis
1202 1129 1311 1192 inter·

251 1215 425 1300 rogatione
447 1233 516 1273 non
537 1209 730 1281 remollit,
752 1212 796 1273 ita
812 1233 895 1274 num
910 1233 982 1275 eam
999 1217 1105 1298 ponit.
1132 1213 1203 1276 Noa
1219 1214 1311 1277 Ger-

180 1339 181 1346 1
245 1293 343 1365 'mani
369 1295 485 1362 maiori
505 1295 637 1381 quidem
658 1295 687 1358 ri
714 1295 822 1358 dicere
845 1296 992 1360 solemus
1012 1297 1177 1378 wirklialr,
1206 1300 1249 1362 ita
1269 1309 1310 1361 nt

252 1385 352 1449 rerba
374 1403 456 1448 rrum
481 1403 612 1467 negare
635 1377 764 1446 ander?
793 1380 971 1446 reddamus
994 1393 1110 1468 wagan
1132 1383 1311 1468 (111ιωίνῶ-

160 1539 162 1550 ,
226 1464 571 1553 ‘liclraulri'ugnffl
609 1466 732 1551 Siquis
750 1476 859 1530 tamen
888 1467 1021 1532 obiiciat
1046 1469 1144 1532 rerba
1169 1470 1309 1533 Cicero-

252 1557 313 1622 nis·
328 1555 429 1618 desim
446 1553 557 1638 iprum
581 1573 708 1615 numne
728 1551 873 1617 vidisti?
893 1555 983 1618 reddi
1009 1554 1129 1618 debere
1152 1555 1232 1618 aaa
1256 1554 1308 1618 du

253 1655 343 1708 elwa
364 1640 448 1704 Gerr
464 1635 566 1701 selbot
580 1633 753 1724 genedea?
780 1649 879 1724 atque
904 1639 985 1703 ittud
1010 1650 1099 1703 etwa
1122 1639 1310 1728 significare

252 1724 458 1794 indefinitam
481 1745 574 1801 rem,
605 1723 932 1788 animadvertendum
958 1725 1038 1804 erit,
1067 1747 1129 1812 per
1154 1727 1309 1792 voculam

253 1826 354 1879 erma.
378 1819 533 1897 quaeest
558 1809 674 1896 aliquo
695 1808 781 1884 loco,
809 1809 925 1896 aliquo
940 1811 1053 1885 modo,
1076 1813 1309 1896 quaestionem

199 1935 212 1948 .,
253 1895 418 1964 non-fieri
443 1895 621 1975 incertam,
651 1895 706 1958 sed
724 1895 934 1982 negationem
952 1895 1187 1982 respondentis
1203 1919 1309 1962 oocu-

253 1986 334 2074 pari.
379 1981 482 2068 Magis
500 1992 609 2044 tamen
626 1982 781 2044 convenit
802 2002 878 2044 curn
896 1981 999 2046 latino
1023 2004 1219 2069 comparare
1242 2005 1310 2048 vo-

253 2069 408 2135 cabulum
435 2065 514 2143 wal,
535 2065 702 2152 walger,
725 2076 824 2152 atque
845 2066 944 2130 etiam
960 2068 1064 2146 dean,
1091 2069 1182 2154 qnod
1207 2071 1309 2134 unias

252 2165 302 2221 est
318 2153 461 2218 familiae
482 2174 559 2216 cum
586 2173 659 2214 voc.
682 2151 790 2215 donn.
814 2154 972 2218 Germani
990 2156 1126 2239 quando
1144 2165 1309 2244 usurpant
1352 2225 1356 2229 ,

253 2240 447 2309 vccabulum
466 2237 565 2310 doch,
597 2240 796 2301 contrariam
824 2241 986 2302 rationem
1006 2237 1127 2316 tenent,
1153 2251 1185 2304 et
1199 2265 1309 2305 non-

252 2351 306 2395 ne
327 2321 462 2412 negare?
482 2323 625 2388 reddunt
648 2320 695 2384 du
724 2323 886 2410 inriguae
900 2323 1044 2390 donli?
1061 2347 1146 2388 num
1171 2323 1311 2415 negas?

252 2414 301 2480 du
324 2413 485 2500 [tinguent
511 2408 598 2495 dccli
619 2407 667 2472 ni
675 2407 770 2474 olet?

339 2545 404 2610 Sed
428 2544 573 2630 primum
599 2545 847 2610 consideremus
869 2568 924 2618 ea,
955 2567 1039 2632 quae
1060 2567 1129 2610 non
1155 2546 1309 2633 requitur

178 2659 180 2663 ·
253 2634 299 2704 im
327 2632 455 2695 robatio
472 2631 724 2716 respondentis,
748 2653 850 2694 nnnm
867 2630 933 2694 hoc
959 2631 1181 2704 attendentes,
1207 2655 1305 2720 prae·

243 2656 370 2786 cedere
388 2717 531 2802 aiiquam
548 2713 744 2800 opinionem
763 2717 812 2780 rei
829 2717 874 2780 rei
895 2719 1206 2783 considerationem.
1243 2712 1308 2784 At-'

253 2825 318 2891 que
342 2825 401 2894 per
425 2822 506 2866 num
527 2802 709 2886 interrogat
728 2804 764 2882 is,
788 2803 843 2888 qni
863 2803 1005 2890 aliquam
1025 2827 1096 2868 rein
1116 2806 1257 2870 miratur
1272 2811 1308 2870 et

252 2891 307 2956 vix
332 2887 394 2954 eibi
412 2887 476 2974 ipsi
489 2886 625 2950 credens
650 2887 888 2952 dubitationem
912 2889 1076 2978 reprimit.

354 3031 445 3086 Plani.
464 3028 538 3086 uua.
556 3029 582 3094 1,
600 3026 628 3094 4,
648 3028 691 3084 15.
710 3049 773 3084 narn
783 3033 932 3102 Ampelisca
949 3031 1106 3086 oireero’at?
1122 3029 1141 3082 1.
1155 3047 1179 3083 e.
1194 3031 1241 3084 iau
1255 3031 1308 3084 not

320 3135 376 3188 gor
391 3115 563 3183 Ampeiirrn?
592 3114 672 3167 Cure.
693 3114 719 3180 1,
740 3116 765 3183 1,
782 3116 826 3170 nt.
841 3135 905 3170 aum
921 3119 1009 3170 muttit
1026 3115 1129 3170 cardo?
1160 3117 1209 3168 ne
1234 3118 1307 3186 1φί-

320 3205 378 3256 dus.
398 3197 519 3266 arrpuit.
546 3197 572 3261 2,
599 3198 626 3264 2,
654 3199 714 3251 121.
743 3221 835 3270 quaero
859 3204 958 3272 edepol,
984 3221 1047 3256 aum
1063 3211 1092 3255 tn
1112 3203 1307 3270 purpurantium

320 3288 427 3349 insania,
446 3302 522 3352 quom
540 3285 569 3335 id
588 3271 628 3336 nie
647 3283 819 3357 interrogor?
835 3285 854 3337 1.
871 3304 896 3340 c.
916 3287 965 3339 ttst
982 3285 1098 3339 wiririr'ciz
1116 3287 1152 3338 rin
1169 3286 1236 3336 narii
1253 3301 1307 3338 aare

320 3371 439 3424 Sinara?
456 3370 581 3436 Propert.
603 3369 629 3432 1,
649 3369 693 3434 12,
712 3363 739 3420 9.
758 3389 822 3422 nam
839 3389 880 3423 me
901 3373 963 3423 dena
984 3369 1093 3422 obruit?
1111 3361 1306 3423 Bronirhnninn

259 3521 262 3526 Ι
313 3455 430 3525 'arripnit
446 3474 495 3508 an:
512 3455 559 3506 ced
579 3454 661 3507 rodda
679 3455 751 3522 wirfl
768 3455 836 3506 miei
859 3455 978 3528 wirklr'cit
995 3455 1038 3506 ein
1060 3455 1121 3506 Gon
1140 3473 1173 3506 zu
1190 3455 1307 3508 Badera?

318 3539 409 3594 Plani.
430 3539 503 3592 Men.
518 3539 544 3606 5,
563 3537 589 3609 4,
607 3541 633 3591 1.
650 3541 714 3610 qaid
732 3546 795 3591 erret
812 3539 851 3591 ilii
861 3539 953 3604 morbi,
970 3538 1094 3590 dixerat?
1114 3557 1198 3592 nana
1211 3557 1305 3593 ceum

317 3643 383 3677 aram
403 3627 519 3678 tamaro·
536 3633 581 3679 ant
606 3624 738 3678 cerritus?
757 3629 807 3692 fae
831 3626 929 3676 ariam
953 3641 1017 3674 rrum
1041 3641 1099 3675 eum
1119 3632 1238 3676 aeternna
1256 3627 1306 3678 aar

168 3697 172 3706 ’
263 3747 266 3754 ι
320 3727 390 3779 opatu
408 3711 517 3767 intercur
537 3708 625 3764 teneat
646 3707 664 3762 i.
683 3725 708 3762 e.
727 3726 754 3761 er
770 3709 805 3761 r'rt
826 3709 876 3762 wei
898 3706 1070 3762 Walmeina?
1343 3705 1348 3714 '

336 3848 370 3920 4.
400 3850 512 3930 Quare
537 3849 695 3936 particula
717 3848 778 3912 hae
804 3859 943 3912 utuntur
967 3848 1008 3926 ii,
1044 3847 1101 3934 qui
1123 3857 1305 3934 conspecte

254 3935 304 4004 vel
328 3934 436 4000 audita
454 3936 560 4019 aliqua
579 3958 633 4015 re,
656 3936 747 4022 quasi
767 3957 808 3998 ex
835 3935 998 4021 praesenti
1024 3957 1059 4000 re
1082 3935 1304 4020 eupiuntyoo-

251 4044 411 4110 gnoscere
428 4024 595 4086 veritatem
611 4022 658 4086 rei
675 4022 731 4097 ita,
749 4031 783 4082 ut
801 4021 841 4086 de
856 4021 1044 4107 suspicione
1060 4031 1303 4106 praeoccupata

251 4109 457 4186 decernatur,
480 4107 655 4194 omnisque
682 4105 845 4170 dubitatio
865 4117 1086 4170 removeatur.
1132 4105 1237 4190 quue
1264 4105 1303 4170 fit

250 4195 397 4275 maxime
413 4193 448 4260 in
464 4192 600 4280 obliqua
623 4193 774 4261 oratione
787 4203 818 4258 et
838 4192 894 4260 ubi
911 4213 981 4260 voc.
997 4191 1070 4282 pair
1092 4192 1259 4272 adhaeret.
1293 4217 1296 4224 ’
