2854 4750
540 273 542 276 ⁵
601 327 760 398 aanor.
880 357 884 364 -
974 360 977 373 ·
1147 333 1210 407 16⁵

147 494 275 583 empiia
290 492 465 567 discimus.
511 495 580 564 Sed
598 495 684 565 hane
708 498 907 568 latinitatem
932 519 1035 568 nemo
1059 497 1220 570 vindiea-'

145 583 199 648 bit
217 583 375 670 legitime.

262 696 436 771 liertnngiae
450 705 482 756 nt
498 704 693 773 comprobaret
706 719 786 760 nonna
800 703 953 777 particulae
968 703 997 758 in
1016 703 1132 776 oblique
1142 723 1207 762 ora·

215 787 307 853 tione,
327 785 419 842 attulit
436 787 549 841 Terent.
565 790 637 842 Ean.
653 789 730 845 Prot.
746 789 790 843 25.
806 791 933 846 mammet
952 816 989 830 -
1013 791 1133 844 Colacem
1153 810 1207 848 eme

214 891 321 944 nempe,
339 873 429 926 Plauti
441 881 551 927 ueterem
562 875 698 942 satutem.
720 877 813 944 Quae
827 873 974 948 admodum
987 873 1137 934 mirabilia.
1170 877 1206 934 At

213 956 356 1012 Bentleina
370 956 422 1010 ilia
436 973 487 1012 auu
502 957 661 1014 coniectura
684 976 738 1013 nan
754 961 837 1014 mede
854 960 963 1014 iniincia
979 957 1076 1012 iudicii
1094 961 1204 1031 culpam

182 1063 186 1081 ν
214 1042 368 1109 contraxit,
386 1041 435 1096 eed
459 1042 544 1098 etium
572 1043 725 1114 particulae
746 1063 825 1118 neam
848 1043 1019 1114 depravavit.
1054 1044 1204 1102 Terentiae

213 1127 342 1197 eeripaitr
366 1129 486 1182 Catonem
505 1145 558 1184 eree
574 1129 660 1184 Naeui
675 1136 702 1184 et
717 1130 818 1196 Plauti,
833 1138 942 1185 onorem
951 1129 1083 1198 sobolom.
1110 1203 1115 1215 ι

228 1255 261 1317 6.
284 1249 495 1315 Recentiores
511 1250 702 1339 scriptores,
713 1251 949 1332 Quintilianus,
963 1251 1089 1318 Plinius
1100 1273 1197 1320 eorn-

139 1346 334 1424 posuerunt
356 1335 516 1401 vocabula
531 1359 653 1424 nempe
669 1338 761 1404 enim
782 1338 845 1418 itta,
867 1347 906 1402 ut
924 1337 1066 1404 alterum
1083 1350 1198 1405 utram
1292 1355 1298 1365 '

140 1422 313 1488 videretur
329 1420 441 1488 abesae
457 1443 571 1510 posse:
594 1422 650 1488 aed
667 1445 788 1511 nempe
805 1425 1084 1514 argumentationi
1106 1425 1197 1490 addit

139 1505 334 1574 affirmandi
353 1507 432 1573 eim.
474 1505 512 1572 ln
526 1507 606 1601 ,aliis
628 1518 741 1576 tamen
760 1509 842 1576 iocis
866 1531 931 1574 nna
956 1511 1052 1575 notio
1071 1509 1197 1600 duplici

137 1595 280 1658 nornine
296 1615 450 1681 expressa
466 1591 614 1673 ridetur,
627 1606 738 1684 ¹atque
752 1617 828 1662 uene
844 1595 884 1663 ab
899 1596 1034 1686 antiqua
1051 1617 1194 1662 conene-

137 1680 256 1745 tudine
272 1677 455 1744 deflexisse.
1222 1715 1225 1722 ·

144 1788 153 1814 “·
255 1797 371 1868 Quintil.
386 1797 413 1864 2,
427 1795 471 1863 13,
481 1796 508 1852 Β.
525 1815 586 1852 naar
601 1801 667 1856 renti
680 1801 783 1870 quidem
795 1801 910 1872 emporia
923 1801 965 1855 oei
978 1801 1088 1856 minimo
1100 1803 1195 1873 gretia

204 1890 262 1938 eata
287 1900 377 1954 nempe
408 1884 478 1936 enim
506 1885 620 1939 aduerte
643 1885 678 1939 eit
703 1888 793 1955 saciet
821 1893 848 1940 et
870 1887 985 1942 deminae
1009 1889 1118 1942 mochin
1141 1894 1193 1942 etc.

206 1969 336 2022 Pronum.
351 1967 417 2022 libri
434 1968 461 2033 S,
476 1966 502 2020 6.
520 1987 612 2042 nempe
625 1971 693 2024 enim
710 1971 853 2042 plurimum
866 1973 895 2024 in
917 1973 966 2026 ieoc
980 1973 1073 2026 latoria
1095 1974 1193 2026 mion-
1259 1988 1266 2000 ¹
1356 1989 1364 2002 ⁸

205 2057 294 2109 einum.
327 2054 401 2110 Ptin.
417 2053 484 2108 Pan.
501 2051 546 2134 til,
562 2053 590 2108 2.
607 2073 698 2127 nempe
719 2055 790 2112 enim
810 2057 841 2110 lei
861 2063 939 2126 runt,
956 2075 1019 2127 poor
1035 2063 1140 2133 mantue
1156 2084 1191 2096 -

204 2141 296 2212 elegit.
967 2171 972 2180 ·
1242 2143 1244 2147 '

249 2243 322 2297 Ptin.
337 2240 426 2310 Epist.
441 2241 468 2308 8,
483 2243 528 2310 16,
542 2243 569 2298 8.
586 2259 679 2314 nempe
693 2243 779 2308 enim,
797 2242 898 2312 inpeit,
915 2244 1010 2298 daturi
1024 2244 1083 2298 ertia
1097 2260 1190 2297 men·

202 2329 255 2382 lon'
270 2329 324 2381 uiro
337 2329 452 2383 renuatur
468 2331 587 2398 aliqum,
607 2345 716 2398 puerum
731 2345 746 2381 e
761 2344 844 2384 manu
862 2327 945 2380 mlum
959 2327 1055 2398 cupiet.
1087 2327 1120 2380 ln
1135 2327 1188 2395 laia,
1279 2331 1283 2340 “

205 2429 294 2481 qnae,
309 2417 341 2466 nt
356 2412 461 2467 monuit
476 2413 665 2477 Seleucianae,
680 2428 733 2464 non
752 2409 942 2481 indignanter,
961 2411 1011 2464 red
1032 2411 1105 2467 aeria
1125 2417 1189 2466 eunt

202 2499 297 2565 dicte,
309 2500 379 2553 enim
393 2497 468 2551 idem
483 2499 623 2569 eigniiicat
638 2497 710 2567 quud
725 2512 826 2567 nempe.
858 2495 921 2550 ride
944 2495 1026 2552 Tum.
1039 2497 1066 2550 2.
1084 2515 1112 2566 p.
1124 2495 1187 2556 888.

202 2585 240 2638 Et
253 2583 382 2638 dicebant
396 2583 481 2638 etiem
501 2569 661 2638 eerteeniir.
694 2582 739 2636 vd.
759 2599 787 2650 p.
799 2577 862 2635 llll.
912 2577 915 2584 ’

237 2685 312 2740 unt.
325 2687 360 2740 de
375 2687 486 2746 Onetor.
501 2685 546 2740 35.
564 2687 636 2758 iprae
649 2703 711 2741 nero
726 2684 921 2740 erercitotianee
935 2700 1036 2757 meg-nu
1057 2701 1088 2737 ea
1105 2690 1186 2754 purte

199 2774 358 2829 mirariue.
392 2773 492 2842 Nempe
505 2773 575 2825 enim
590 2772 649 2825 'duo
669 2787 769 2841 genere
789 2770 962 2823 motmiurnm
978 2772 1051 2839 apud
1065 2771 1186 2824 rhetora·

200 2865 366 2924 tractantur,
383 2857 518 2910 encaeniae
534 2861 560 2911 et
580 2857 774 2909 eontroaeraiee.
806 2853 862 2908 iiie
883 2853 1049 2922 simpliciter
1070 2851 1184 2920 exponi-

200 2949 247 2996 tur
257 2946 466 3080 {ag-gementum·
491 2930 770 3012 Compararipoterit
786 2957 899 3012 numque
912 2941 990 2996 enim.
1007 2938 1058 2998 vt·
1068 2935 1181 2992 Taml.

197 3026 257 3098 pa
292 3063 300 3079 .

210 3156 242 3216 7.
257 3150 412 3218 Notanda
427 3160 477 3216 est
489 3105 648 3230 formula,
663 3148 700 3214 in
712 3167 777 3298 gna
787 3098 1181 3235 verbaqnidl-nempe

123 3247 392 3326 componuntur.
411 3243 415 3248 '
436 3237 498 3302 Per
520 3233 603 3322 qnid
622 3245 710 3302 atten
734 3235 801 3298 itur
816 3234 945 3298 animus
963 3233 1002 3297 ad
1020 3255 1092 3300 rem
1111 3230 1178 3298 mi·

122 3323 285 3404 rabilem,
308 3344 391 3411 qnae
405 3332 518 3388 tamen
534 3331 571 3386 ut
585 3342 662 3410 vera
677 3321 842 3400 videatur,
861 3319 986 3384 indicat
1005 3340 1135 3405 nempe.

231 3441 344 3504 Peraiua
367 3439 394 3507 5,
407 3440 450 3496 66.
474 3459 534 3496 eme
556 3443 602 3496 ime
619 3443 680 3512 fiet.
720 3440 793 3494 idem
814 3455 873 3493 oeae
894 3439 951 3502 fiet.
985 3437 1083 3504 Quid?
1101 3435 1180 3508 puori

191 3545 320 3600 magnum
342 3543 435 3596 nempe
454 3527 523 3580 diem
543 3527 654 3582 donee?
687 3524 813 3582 Editoree
834 3521 1001 3576 recentiores
1025 3519 1200 3599 iurulentia·¹
1296 3548 1298 3556 ·

191 3617 336 3666 traxerunt
353 3613 438 3664 verba
453 3612 507 3666 itae
526 3612 610 3681 qnid?
627 3613 703 3681 quusi
720 3607 870 3680 magnum?
886 3624 978 3676 nempe
994 3606 1063 3660 diem
1084 3606 1175 3658 donee.
1209 3683 1212 3696 ,

189 3697 303 3769 Dielag.
319 3699 353 3750 de
369 3697 446 3750 Orat.
461 3697 503 3751 21.
532 3696 616 3767 quid?
640 3714 670 3753 er
683 3691 819 3749 ¹Goetinnie
838 3693 997 3746 orationalem
1019 3709 1109 3759 nempe
1131 3709 1177 3746 eae

189 3786 311 3854 placent,
328 3785 380 3837 eive
397 3783 531 3837 oniaereoe
548 3799 585 3834 on
597 3788 687 3855 parter
703 3777 812 3842 eorum,
831 3779 886 3846 (ite
904 3777 977 3832 enim
1000 3776 1173 3830 scribendum

189 3869 316 3938 videtur)
340 3872 367 3924 in
391 3870 482 3939 quidue
513 3868 625 3922 nitorem
652 3874 678 3920 et
710 3864 876 3919 altitudinem
907 3865 1001 3918 luorum
1028 3871 1173 3934 temporpm

188 3947 364 4025 ognoecinr‘ue.

203 4069 234 4133 *t
257 4053 471 4128 Commutala
485 4041 561 4126 sunt
576 4062 611 4126 in
630 4061 721 4126 libris
737 4083 857 4146 nempe
872 4069 905 4124 et
924 4065 1080 4145 nomque<
1103 4055 1169 4122 vid.
1250 4085 1254 4100 ¹

117 4148 219 4215 Ovid.
240 4149 320 4218 Met.
334 4155 366 4232 2,
381 4151 457 4216 ltili.
480 4145 619 4216 Heroid.
639 4152 689 4228 17,
707 4152 782 4214 223.
803 4147 925 4212 Lucan.
943 4148 975 4228 t,
991 4149 1065 4211 228.
1081 4145 1170 4208 Pro·

1218 3946 1247 3996 ‚t
