2876 4752
272 343 334 406 m
411 277 694 430 anvinsn.
715 332 1032 447 anvavsua
1050 339 1164 408 nusi.

335 506 386 566 uui
399 501 463 564 τάδ’
481 501 621 576 ἄχθονται
638 502 738 578 qtqocol
762 503 803 570 olo
821 479 876 575 quir
897 503 1034 576 φέροντες
1053 465 1116 580 ξῆν.
1157 449 1209 573 Bit
1225 509 1331 582 igiturs

298 631 303 648 .
337 594 408 649 nihil
431 591 552 646 ellicitar
574 593 629 646 lios
650 608 763 661 angore.
797 592 875 645 Pers.
898 591 990 656 2¹48.
1008 601 1125 649 attamen
1153 597 1287 650 luic⁴ertis
1308 605 1334 652 et
1424 601 1425 614 ³

335 680 422 749 opimo
437 677 538 735 oinoere
546 681 620 745 ferto
638 676 752 730 intendit
770 702 806 714 -
825 677 907 729 donec
922 677 1043 748 deceptus
1067 687 1093 734 et
1107 697 1196 750 exspes
1217 683 1332 752 nchrl-

273 756 276 769 '
333 781 413 832 quom
424 762 514 830 fundo
534 761 647 830 suspiret
670 775 791 813 nummus
807 759 910 814 inimo.
945 761 1094 818 Tribaitnr
1109 781 1241 828 nummo,
1259 766 1333 836 qnod

336 846 410 900 cadit
425 845 454 898 in
471 843 611 898 hominem
626 843 815 912 superstitiosa
840 845 980 914 cupidam.
1022 848 1073 902 Est
1086 865 1173 903 verne
1198 851 1333 919 deceptus

335 933 440 984 trustra
463 927 598 997 suspirat,
618 945 670 982 nec
691 928 861 997 poenitentia
891 919 1042 998 qdidquam
1067 931 1189 1002 proficit.
1230 935 1333 990 Horat.

326 1015 422 1084 Epist.
437 1013 464 1080 l,
481 1013 509 1077 3,
524 1011 568 1065 tt.
584 1031 621 1066 an
637 1013 706 1067 mole
720 1020 798 1067 sorta
813 1014 907 1083 gratio
921 1016 1097 1086 nequidquam
1115 1019 1175 1088 soit,
1190 1026 1217 1076 et
1231 1021 1331 1074 met„-

333 1099 428 1156 ditur?
462 1097 562 1168 virgil.
580 1099 650 1152 Aen.
663 1097 692 1163 2,
703 1095 766 1150 544.
800 1096 865 1150 ride
883 1114 909 1166 p.
930 1096 993 1154 110.

245 1192 251 1200 ’
348 1219 351 1247 ι
376 1198 493 1270 Quintil.
506 1198 532 1265 8,
547 1199 576 1264 2,
590 1200 617 1252 2.
634 1200 663 1253 in
683 1218 733 1270 quo
753 1201 818 1254 citio
841 1202 955 1256 cauendo
981 1217 1031 1254 non
1054 1201 1221 1258 mediocriter
1239 1222 1330 1261 errare

222 1323 232 1348 x
331 1287 438 1358 quidam
450 1286 548 1350 solem,
568 1285 614 1354 qai
628 1285 725 1350 omnia,
747 1303 814 1354 quae
831 1291 893 1340 sunt
908 1287 937 1340 in
960 1303 1020 1350 usu,
1041 1287 1148 1340 etiamsi
1162 1306 1268 1344 cannae
1282 1308 1329 1344 uc·

330 1371 433 1426 cessitas
450 1371 583 1440 postulet,
607 1369 796 1438 reformideuts
825 1377 853 1424 ut
876 1371 939 1435 ille,
966 1369 1012 1440 qui
1033 1369 1061 1422 in
1085 1373 1189 1426 actione
1219 1374 1329 1428 ilci-icas

330 1457 441 1521 umbos,
466 1471 493 1508 ee
516 1455 571 1508 solo
589 1453 766 1522 nequidquam
785 1453 966 1525 intelligente,
994 1455 1115 1522 dicebat,
1140 1459 1192 1511 nisi
1214 1460 1329 1514 irrideus
1395 1453 1397 1460 ¹

332 1541 404 1594 lonc
418 1537 561 1594 vanitatem
580 1539 687 1592 Cassius
710 1539 819 1592 Secerm
841 1546 960 1608 opertam
982 1555 1042 1592 eune
1064 1539 1148 1594 dicere
1166 1544 1232 1598 celle
1253 1545 1326 1599 indi-

272 1637 273 1643 ’
331 1630 420 1676 cased.
451 1622 496 1676 Ita
512 1621 619 1692 Regius
637 1620 794 1676 emendavit
816 1622 941 1688 codicum
957 1621 1124 1692 scripturam
1149 1643 1326 1698 nequaquam,

329 1711 384 1762 trac
405 1706 539 1762 sententia
569 1707 718 1760 admotum
741 1706 892 1777 ambiguas
923 1724 953 1760 se
976 1707 1035 1760 solo
1066 1705 1239 1778 intelllgentc
1264 1711 1324 1766 sine

277 1811 279 1818 ·
326 1792 524 1864 perspicuitate
553 1798 602 1846 aut
631 1791 817 1860 intelligentia
848 1793 921 1860 apud
949 1791 1099 1848 auditores.
1147 1795 1215 1852 cot.
1239 1799 1324 1852 taric.

330 1879 430 1947 nequod
462 1895 550 1946 quam
598 1877 636 1932 Et
660 1877 731 1930 beno
761 1875 916 1946 suspicatur
939 1877 1115 1930 Burmannus
1145 1878 1324 1935 scribendum

326 1979 387 2016 csse
404 1979 430 2016 se
446 1964 516 2025 solo,
533 1979 580 2014 nec
594 1979 723 2031 quoquam
738 1951 909 2034 intelligente.
942 1961 976 2014 lt
993 1959 1067 2014 enim
1087 1961 1190 2034 dicitur
1202 1963 1233 2018 in
1256 1984 1322 2020 euni

327 2048 457 2113 modam,
482 2063 536 2117 qno
558 2045 617 2100 Cic.
633 2045 717 2098 Tusc.
738 2045 765 2110 1,
778 2045 823 2111 al,
838 2043 882 2099 ta.
903 2062 1035 2099 secernere
1061 2055 1149 2102 omen
1175 2067 1195 2103 o
1213 2068 1322 2122 corpore

327 2110 463 2198 ausuum,
483 2148 529 2186 nec
548 2131 803 2208 quidquam.aliud,
821 2136 860 2183 est
878 2129 948 2184 nori
965 2130 1072 2184 discere.

342 2238 374 2300 6.
409 2233 463 2300 Da
489 2232 596 2299 verbis
636 2231 868 2382 nequidquam
897 2242 930 2296 et
953 2228 1094 2318 frustra
1123 2235 1319 2324 compositis

257 2318 466 2496 {iffagm
489 2325 521 2386 2.
549 2342 584 2408 p.
599 2320 676 2384 748.
727 2315 752 2383 C

341 2529 374 2590 7.
396 2524 446 2589 De
472 2523 569 2602 loco,
591 2544 692 2610 quem
714 2522 946 2612 nequidquam
968 2521 1004 2586 in
1026 2522 1195 2588 sententiis
1223 2524 1317 2592 obti-

256 2621 343 2688 nent,
372 2619 513 2687 constat,
536 2609 732 2696 particulam
750 2609 918 2695 praemitti
933 2629 995 2674 eac
1014 2607 1130 2674 verbo.
1163 2609 1317 2692 ¹Sedea-

245 2696 345 2774 'dices
363 2693 451 2782 apud
470 2695 623 2760 Curtium
639 2701 671 2768 8,
689 2701 717 2768 1,
729 2698 780 2759 18.
804 2694 863 2760 ille
878 2691 1109 2793 nequidquam
1124 2692 1186 2758 diu
1202 2694 1316 2763 aora-

771 2367 779 2386 .
808 2317 979 2384 Pricaeum
1004 2316 1045 2384 ad
1078 2320 1209 2409 Apulei.
1234 2323 1319 2392 Met.
1397 2377 1425 2405 ,.

175 2827 177 2830 -
256 2795 311 2848 tus
328 2803 404 2846 ctum
429 2778 614 2844 latentibus
636 2780 757 2859 nodis,
779 2780 886 2855 nilcil,
906 2779 1035 2866 inquit,
1055 2774 1197 2846 interest
1228 2805 1314 2870 quo·
1423 2789 1424 2816 ³

256 2867 359 2933 morlo
374 2864 562 2930 solvantur.
583 2867 673 2952 quod
691 2865 816 2953 recepit
837 2865 1072 2952 Zumptins‚a
1095 2864 1252 2932 Wolchio
1276 2873 1319 2936 in

140 2985 142 2990 ’
223 3024 226 3034 ,
255 2950 470 3041 Ephemerid.
485 2951 619 3016 Halens.
644 2955 1002 3038 o.1829.17.p.180.
1025 2952 1185 3016 acerrime
1210 2959 1313 3022 casti-

256 3049 361 3130 gatus.
404 3037 544 3108 Tamen,
562 3035 696 3102 defendi
722 3047 832 3125 potest
853 3037 1007 3124 Zumptii
1029 3035 1208 3103 sentcntiae
1231 3061 1311 3108 nam

256 3125 346 3212 quod
362 3121 551 3188 Alexander
576 3123 632 3190 diu
660 3123 863 3201 luctabatur,
883 3121 1110 3210 nequidquam
1133 3133 1220 3202 erat,
1243 3125 1310 3192 hoo

254 3221 322 3286 est,
346 3210 417 3274 sine
437 3200 570 3276 effectu.
613 3208 683 3273 Nos
698 3219 786 3284 recte
802 3209 837 3274 lc
865 3209 995 3284 nimus,
1020 3207 1113 3294 quod
1134 3209 1309 3278 Walchius
1422 3215 1423 3284 l

253 3296 401 3384 negavit:
426 3317 464 3360 er
478 3295 575 3360 lcatte
591 3291 780 3382 vergelliclu
796 3231 870 3360 sicis
889 3293 997 3382 lange
1016 3291 1212 3380 abgemutlct.

270 3449 276 3470 s
330 3421 366 3496 .-*)
389 3414 527 3501 Saepea
547 3413 688 3479 librariis
705 3411 934 3562 nequidquam
953 3434 1016 3500 pro
1037 3435 1099 3478 neo
1120 3412 1309 3502 quidquam

252 3503 417 3588 scriptum
434 3521 503 3566 esse
529 3501 657 3566 notavit
680 3500 749 3565 Dra
777 3495 937 3564 enborch.
957 3491 995 3562 ad
1013 3497 1082 3565 Liv.
1104 3501 1136 3579 5,
1151 3501 1205 3579 48,
1223 3505 1252 3566 1.
1274 3511 1308 3566 et

252 3587 293 3652 aa
309 3592 341 3668 9,
357 3590 408 3664 is,
424 3588 457 3649 s.

615 3745 619 3750 ,
695 3669 857 3755 Nasu
918 3763 921 3778 ἱ

334 3823 466 3892 Festus:
489 3827 564 3892 nesi
579 3847 644 3912 pro
662 3826 737 3891 sine
755 3825 908 3910 positum
932 3823 998 3908 [cst
1019 3823 1054 3888 in
1073 3822 1146 3910 lege
1167 3822 1304 3888 dedica-

250 3910 351 3976 tionis
368 3915 455 4061 aracg
485 3912 630 3976 Dianae
648 3910 897 3978 Auentinensis.
941 3908 1219 3996 supplementum
1243 3911 1325 3982 ad-,

228 3996 408 4066 ,diderunt
457 3999 577 4084 caliget
607 4006 640 4060 et
670 3997 821 4062 Vrsinus.
886 3995 972 4058 Sunt
995 3996 1187 4101 ver0‚”qui
1213 3995 1302 4060 hanc

251 4082 487 4169 transpositam
503 4091 845 4170 soccmcomparent
868 4102 945 4146 cum
969 4101 1085 4167 graeco
1109 4105 1194 4158 ανις,
1215 4103 1302 4166 quae
1420 4081 1421 4088 '

121 4203 159 4230 ,-
249 4168 366 4234 iisdem
383 4179 510 4236 constet
534 4168 716 4233 elementis.
762 4167 826 4234 Sed
850 4187 959 4257 quum
980 4163 1070 4232 nulio
1091 4167 1302 4253 reperiantur
1420 4181 1421 4184 ’
