2836 4752
233 373 301 436 ΗΒ
656 361 873 434 etiamn

241 579 248 588 ·
276 543 289 580 ·’
319 546 352 605 Ω.
381 537 608 624 componitur
622 549 765 623 propter
780 559 857 602 eom
871 537 978 603 verbis
995 541 1163 624 movendi,
1188 544 1304 626 eundi,

236 625 370 692 rolandi
386 626 451 702 ita,
472 633 510 686 ut
524 633 580 688 urst
599 645 670 686 rem
691 623 824 703 indicet,
849 643 932 709 quae
956 625 991 688 in
1016 628 1134 692 vicinia
1161 627 1303 695 alterius

235 713 284 778 rei
299 733 335 776 ee
351 717 476 788 moret,
501 709 590 794 quod
610 731 670 794 per
684 721 824 797 praeter
841 711 1053 796 exprimitur,
1076 726 1133 777 aut
1146 715 1192 797 id,
1209 715 1305 802 quod

233 799 372 886 propius
393 793 528 862 aceedit.
575 793 657 858 illud
674 805 801 860 temere
819 797 951 882 negarit
972 798 1145 864 Grunerus
1167 801 1212 866 ad
1238 802 1306 867 Se-

236 884 301 950 dul.
325 889 357 959 4,
379 887 456 948 211.
534 927 537 934 1

241 1077 245 1085 ¹
336 1016 393 1070 cte.
412 1016 446 1079 rie
464 1013 566 1082 iar-2,
586 1014 630 1080 31,
647 1015 691 1070 W.
706 1018 806 1084 fluvias
828 1019 945 1072 Eurotas
970 1019 1001 1084 ie,
1021 1019 1067 1086 qui
1087 1028 1194 1089 propter
1218 1021 1306 1074 Laee-

300 1105 452 1158 eiaemanem
459 1102 535 1170 fluit.
566 1099 646 1154 ortu
665 1103 734 1156 ruet.
748 1101 774 1172 Β,
786 1102 848 1158 258.
861 1110 968 1174 propter
984 1104 1091 1156 Mmarn
1108 1105 1216 1158 uolitat.
1239 1102 1260 1156 i.
1279 1120 1304 1158 e.

302 1191 372 1242 nais
389 1206 426 1242 aa
445 1188 493 1240 der
512 1187 594 1240 Erae.
1121 1219 1125 1224 -

338 1289 458 1344 Phaedr.
475 1287 501 1353 2,
519 1287 545 1353 o,
564 1287 591 1339 i.
610 1289 678 1370 uenit
688 1307 736 1359 per
749 1307 830 1342 ouras
845 1290 933 1341 nornis
947 1296 972 1342 et
986 1297 1093 1360 propter
1106 1291 1201 1344 volans
1217 1289 1302 1358 (ait).

240 1415 243 1422 .
303 1376 323 1430 i.
338 1393 363 1429 e.
384 1374 498 1444 propias
519 1375 661 1441 accedens,
679 1377 747 1428 nahe
763 1376 971 1445 toouflr'egend.

239 1493 244 1498 ’
337 1494 413 1547 Birt.
433 1495 465 1547 B.
484 1491 542 1546 Ate.
560 1491 605 1545 73.
626 1500 732 1562 propter,
747 1495 858 1548 hostium
872 1502 957 1546 eastra
973 1501 1190 1564 praetergressus,
1228 1493 1302 1546 Eti-

303 1585 379 1634 tores
399 1579 513 1649 quidam
531 1577 683 1630 arriserunt
698 1579 819 1648 propter:
837 1597 908 1646 quoe
924 1577 1056 1632 Davisius
1079 1581 1107 1629 et
1132 1575 1303 1631 Oudendor-

235 1651 238 1660 ’
305 1665 367 1734 pios
383 1663 511 1727 afferant,
533 1681 585 1714 non
605 1661 642 1730 id,
661 1663 733 1730 quod
755 1663 999 1716 demonstrandum
1025 1667 1075 1728 est,
1096 1663 1301 1730 demonstrant,

237 1753 242 1764 “
302 1750 369 1804 addi
385 1763 464 1816 posse
482 1749 608 1811 verbum,
623 1748 694 1814 quod
712 1745 740 1798 in
757 1765 787 1800 se
802 1747 904 1802 habeut
924 1755 1037 1820 praeter.
1073 1749 1254 1802 Burmannus
1273 1751 1301 1802 ia

306 1821 400 1890 'ttvtrttt
416 1835 482 1886 Met.
500 1831 526 1899 5,
540 1831 600 1885 lou.
618 1849 670 1884 non
685 1842 760 1887 reete
778 1833 888 1886 restitui
902 1832 998 1886 iussit:
1015 1835 1067 1886 tela
1081 1837 1171 1887 ootant
1186 1836 1301 1887 hiberna

237 1911 245 1920 ’
304 1921 438 1992 grandine
460 1917 538 1986 plura
561 1925 669 1988 propter
691 1926 829 1988 utrumque
852 1921 920 1972 latus
940 1929 1097 1992 propterque
1120 1927 1143 1972 et
1168 1920 1259 1970 lumen
1276 1927 1301 1992 et

304 2023 388 2058 aures.
424 2002 590 2058 Coniectura
606 2001 716 2056 Heinsii
733 2001 762 2056 ia
778 2003 935 2058 Ouid-Her.
956 2005 983 2070 6,
1009 2003 1036 2057 5.
1056 2001 1182 2057 veritatis
1206 2002 1301 2072 speeie

306 2090 391 2143 toltit.

321 2233 350 2292 3.
376 2227 509 2304 Caussa,
533 2245 599 2290 non
614 2244 662 2301 eo,
684 2244 726 2286 ex
742 2225 868 2309 quaid.
891 2225 980 2312 quod
999 2224 1151 2302 efficitur,
1171 2225 1300 2289 directo

236 2312 359 2402 prodit,
389 2311 446 2385 sed
474 2334 529 2388 ea,
560 2331 644 2395 quae
668 2329 762 2388 rem,
792 2321 828 2374 ut
859 2309 934 2389 fiat,
964 2312 1102 2389 excitet,
1124 2322 1299 2397 tamquam

236 2421 348 2488 prope
364 2397 529 2474 accedens,
557 2397 695 2482 proprie
717 2394 921 2482 significatur
945 2399 1194 2484 praepositione
1210 2420 1300 2484 pro-

234 2497 323 2574 pter.
367 2483 461 2548 lliam
479 2503 634 2556 vocamus
651 2482 813 2558 internam
833 2505 991 2562 caussam,
1013 2483 1298 2558 heremannum,

236 2593 321 2658 guae
346 2579 459 2642 tamen
480 2590 548 2632 nou
572 2567 675 2630 modo
700 2567 732 2630 in
756 2569 854 2630 rebus
881 2567 1026 2632 externis
1054 2570 1209 2646 cernitur,
1238 2568 1298 2631 sed

236 2655 456 2731 estaminia,
481 2675 563 2739 quae
578 2654 727 2716 animum
753 2654 793 2716 ad
817 2655 980 2738 agendum
1007 2654 1058 2718 vel
1084 2656 1123 2716 ad
1148 2655 1298 2718 sentien-

236 2743 317 2808 dum
341 2750 569 2808 commovent.
626 2740 785 2812 Germani
814 2740 927 2804 dieunt
955 2738 1214 2827 Beweggrumi.
1257 2739 1299 2802 In

235 2828 388 2916 piurimis
406 2827 559 2896 convenit
575 2847 652 2890 oum
669 2825 831 2888 vocabulo
848 2824 899 2900 ob,
924 2827 1052 2890 etiamsi
1077 2829 1112 2888 in
1129 2823 1170 2888 ab
1185 2846 1300 2889 caussa

235 2917 302 2980 ium
319 2912 496 2990 obversari,
524 2911 556 2974 in
569 2922 716 2996 propter
732 2912 886 2976 accedere
907 2911 1046 2976 videtur.
1071 2911 1154 2996 Vide
1169 2934 1206 2997 p.
1224 2914 1299 2976 356.

233 2998 485 3083 Propinquitate
520 2997 717 3081 contingunt
744 3021 815 3078 res,
851 3019 991 3082 quarum
1028 2997 1129 3060 ultera
1157 2997 1297 3062 alteram

234 3085 367 3150 excitat.
427 3079 475 3146 lta
500 3081 656 3146 Germani
679 3081 886 3169 distinguunt
909 3083 1068 3148 rocabuia
1096 3080 1138 3146 V
1134 3083 1299 3146 eranlae-

233 3193 324 3256 serug
345 3177 377 3233 et
398 3164 438 3230 V
434 3167 565 3230 rsaclre.
598 3167 641 3232 Et
656 3179 745 3231 recte
760 3169 822 3236 diei
839 3180 968 3257 poterat
980 3181 1119 3257 propter
1139 3169 1299 3254 aliquam

234 3276 403 3319 canaram.
425 3251 581 3333 (Quintil.
604 3257 635 3324 8,
654 3256 684 3334 6,
702 3253 769 3336 70).
806 3255 864 3336 Eo,
895 3277 977 3341 quae
1008 3255 1144 3318 Iahnius
1169 3255 1202 3318 in
1225 3255 1299 3316 An-

233 3341 297 3405 nal.
312 3340 396 3404 Nor.
414 3337 491 3402 vot.
507 3343 539 3402 3.
557 3359 588 3424 p.
606 3343 657 3402 77.
677 3338 717 3402 de
733 3339 870 3405 diversis
899 3339 1068 3406 vocabulis
1093 3337 1134 3402 ab
1159 3349 1192 3404 et
1209 3362 1297 3426 pro-

228 3425 515 3516 pterdisputavit,
532 3446 602 3488 non
620 3428 760 3490 omnino
779 3449 855 3492 vera
871 3438 959 3492 suot.

333 3561 446 3616 Terent.
471 3561 541 3614 Heo.
560 3559 587 3625 2,
604 3559 630 3627 3,
647 3559 674 3611 1.
693 3579 739 3616 nos
751 3580 840 3616 sumas
860 3565 980 3616 mulieres
1002 3562 1089 3631 inique
1106 3578 1188 3630 aeque
1209 3577 1298 3614 ornnes

183 3663 186 3670 ’
233 3681 237 3686 -
299 3650 399 3701 inuisae
410 3647 473 3700 airis
486 3657 593 3717 propter
608 3665 716 3715 pauens.
729 3647 755 3714 4,
772 3647 798 3711 4,
817 3647 860 3700 55.
878 3651 948 3702 hano
972 3648 1018 3700 ott
1038 3648 1107 3700 dieti
1129 3665 1255 3708 saumuro,
1271 3653 1298 3699 te

298 3739 404 3801 propter
423 3739 500 3794 tuam
510 3740 623 3786 metm
643 3749 695 3784 noa
713 3750 785 3802 posse
805 3735 906 3786 tatae.
922 3733 993 3786 hano
1011 3749 1118 3788 ararem
1133 3733 1213 3786 doni·
1238 3731 1296 3784 (oie.

300 3817 378 3868 Vere.
397 3817 423 3868 l.
443 3819 502 3871 Aet.
522 3818 548 3883 5,
568 3816 612 3870 13.
631 3818 747 3870 homines
761 3819 934 3890 nocentissimi
948 3826 1055 3886 propter
1069 3819 1197 3886 pecunias
1217 3817 1295 3872 iodi-

297 3904 336 3956 eio
351 3903 462 3958 literati.
483 3905 519 3956 ad
532 3903 612 3956 Fam.
635 3904 660 3968 1,
675 3903 702 3965 7,
716 3901 757 3954 13.
779 3905 942 3970 offensionem
965 3920 1019 3955 esse
1035 3903 1210 3972 periculosam
1230 3919 1296 3970 pro·
1406 3913 1407 3978 p

296 3995 354 4056 pter
367 3986 547 4056 interpositam
560 3991 744 4044 auctoritatem
761 3987 965 4058 religionemque
978 3988 1062 4040 video.
1080 3986 1160 4040 Caes.
1177 3987 1208 4040 B.
1224 3986 1295 4054 gott.

234 4119 238 4131 ,
294 4069 323 4138 3,
340 4067 366 4122 ².
382 4071 581 4140 primumquod
597 4073 726 4142 legionem
741 4097 775 4108 -
795 4078 902 4142 propter
923 4071 1085 4140 paucitatem
1110 4073 1297 4143 despiciebant,

295 4163 350 4211 tum
366 4155 446 4208 etiarn
465 4157 533 4224 quod
552 4165 662 4227 propter
688 4157 855 4225 iniquitatem
877 4156 927 4208 toci
946 4184 980 4195 -
999 4175 1031 4211 ne
1054 4159 1168 4230 primurn
1190 4158 1296 4226 quidem
1406 4157 1407 4167 ¹

293 4257 369 4310 passe
384 4241 507 4310 impetam
521 4259 596 4296 suum
610 4241 728 4296 sustineri
739 4241 933 4295 existimabant.
