2876 4752
275 330 335 394 tut
808 326 864 396 Nl.

345 502 458 558 casare
475 500 574 555 maruli
592 515 672 568 maus
689 501 820 554 inaerari.
855 499 904 555 ste
920 499 1020 557 ussat
1045 499 1104 555 sac
1122 501 1151 568 2,
1176 501 1202 568 l,
1222 500 1250 556 ll.
1268 523 1334 576 per-

342 605 401 642 eoru
419 589 496 651 nsok,
517 588 546 638 si
558 583 610 638 aas
632 589 758 656 optimust
781 593 847 640 aret.
1279 591 1294 620 '-

357 675 388 737 8.
431 671 489 734 llis
512 673 669 758 expositis
695 683 843 758 paratam
869 669 964 734 video
982 667 1250 740 adversariorum
1271 671 1293 736 d

272 758 573 834 monstrationem,
597 779 660 844 qua
683 756 910 846 comprobent
924 756 969 820 'ai
986 755 1075 821 idem
1099 757 1240 831 omniuo
1262 779 1336 824 csse

252 844 362 930 'quod
380 844 460 908 nisi.
502 839 540 908 ln
566 843 628 908 illis
658 845 761 917 enim.
784 843 907 928 qrribus
928 852 1085 911 narratur
1106 843 1335 930 impedimen-

272 941 344 994 tum
382 930 549 994 obiectum
579 951 659 1002 esse,
689 951 758 1016 qus
789 929 900 998 miuus
930 948 983 992 res
1012 927 1145 1016 incepta
1166 927 1334 1012 finiretur,

273 1027 402 1082 autres
433 1025 503 1080 acta
533 1013 687 1080 effectum
721 1015 874 1088 liaberet,
910 1011 1173 1081 adsentantium
1198 1014 1250 1083 rel
1274 1039 1335 1102 per

272 1101 484 1184 indicativum
517 1101 567 1168 vel
594 1123 655 1188 per
676 1102 926 1172 eortiuuctivum
956 1122 1152 1188 expressam
1175 1103 1333 1168 secedere

271 1189 312 1252 ni
336 1209 412 1252 cum
437 1188 651 1254 coniunctius
684 1187 814 1252 ridetur
842 1209 882 1250 eo
916 1183 1041 1264 medo,
1071 1207 1140 1274 quo
1164 1186 1243 1252 alibi
1261 1187 1333 1253 nisi

273 1273 411 1338 dicitur:
434 1273 533 1336 veluti
557 1271 626 1336 Cic.
649 1271 689 1336 de
715 1271 784 1348 Off.
811 1277 842 1347 2,
873 1277 903 1347 l,
928 1276 958 1338 2.
981 1268 1097 1356 quibus
1122 1295 1229 1336 essem
1249 1296 1333 1338 con-

262 1357 391 1448 jectus,
412 1359 482 1422 nisi
503 1358 723 1425 restitissem.-
756 1357 812 1422 sed
836 1356 945 1424 Tacit.
969 1357 1050 1422 llist.
1075 1364 1105 1436 1,
1126 1361 1179 1422 ot.
1222 1381 1333 1445 prope

270 1446 307 1510 in
329 1443 502 1532 proelium
524 1466 692 1522 exarsere,
707 1467 745 1508 aa
769 1441 810 1508 V
807 1441 904 1508 aleas
921 1439 1222 1526 animaduersione
1238 1466 1332 1532 pan-

270 1553 388 1594 corum
408 1527 529 1593 oblitos
549 1531 622 1594 iam
640 1527 795 1596 Batavos
823 1527 964 1614 imperii
988 1529 1233 1596 admorutisset.
1285 1531 1331 1598 Et

270 1613 354 1681 bene
375 1616 611 1680 intellexerunt
641 1617 699 1680 riri
729 1615 818 1680 docti
849 1614 1014 1696 rationem
1037 1613 1136 1680 huius
1162 1615 1330 1696 dictionis,

270 1724 335 1801 qua
360 1723 419 1789 per
442 1700 670 1767 conditionem
695 1701 728 1766 id
751 1698 965 1789 significatur,
986 1699 1078 1788 quod
1097 1723 1159 1789 per
1173 1701 1331 1768 adversa·

269 1797 372 1854 uvam
414 1787 610 1874 particulam
648 1799 761 1879 posset
795 1785 954 1886 exprimi:
1006 1785 1176 1876 duplicem
1214 1798 1331 1854 autem

268 1871 426 1938 dictionis
448 1870 595 1938 formam
611 1895 681 1938 non
698 1874 781 1938 satis
796 1872 1108 1938 animadverterunt.
1151 1873 1218 1937 sut
1237 1875 1331 1940 enim

269 1960 315 2039 id,
338 1957 429 2046 quod
444 1981 516 2024 rem
537 1961 582 2023 im
611 1959 793 2024 ediisse·vcl
812 1957 982 2024 sustulisse
1003 1956 1331 2034 dicitur,·conditio-

268 2047 320 2111 nis
342 2045 480 2111 nomine
502 1983 625 2118 accerlit
648 2045 765 2126 adid,
799 2044 892 2132 quod
926 2041 1054 2115 factum
1081 2045 1133 2110 vel
1153 2045 1329 2134 inceptum

165 2151 168 2164 ·
268 2142 337 2210 est,
389 2139 445 2206 aut
471 2133 603 2218 negatio
633 2141 807 2218 tantopere
837 2141 888 2194 est
919 2141 1053 2229 gravata
1082 2139 1115 2199 et
1142 2132 1328 2206 necessario

269 2215 418 2309 quodam
437 2238 523 2281 nexu
544 2221 670 2294 iuncta,
694 2227 730 2280 ut
750 2215 789 2281 ai
811 2238 875 2304 pro
898 2237 930 2282 ει
945 2238 1015 2284 non
1032 2215 1173 2282 dicatur.
1205 2219 1329 2284 Vtrum

268 2305 449 2390 scriptores
482 2303 620 2390 eligant,
658 2302 874 2390 iaipscrum
902 2303 1063 2366 sententia
1097 2323 1133 2368 ac
1154 2302 1328 2370 voluntate

266 2391 415 2490 positum
439 2399 505 2454 est:
537 2412 596 2454 nec
613 2387 759 2458 subitum
778 2389 833 2452 au‘t
851 2399 981 2478 praeter
1004 2388 1202 2476 opinionem
1218 2389 1327 2455 iuter·

149 2507 154 2512 ·
266 2487 390 2544 tectum
416 2474 713 2560 impedimentum,
744 2484 781 2537 ut
809 2472 1024 2538 Gernhardus
1054 2476 1229 2562 opinatur,
1264 2489 1327 2564 per

267 2561 306 2626 ni
331 2557 563 2646 significatur,
582 2559 637 2624 sed
670 2559 873 2624 conditionis
902 2557 1089 2642 necessitas,
1124 2581 1208 2646 qnae
1230 2571 1355 2652 atro-¹

266 2645 413 2710 cioribus
437 2646 535 2711 rebus
571 2645 742 2736 competit.
798 2643 1013 2710 Recentiores
1043 2645 1225 2733 scriptores
1249 2647 1324 2714 sre-

267 2734 421 2818 quentius
447 2731 648 2820 usurpabant
667 2729 723 2810 ni,
755 2729 910 2820 inprimis
936 2729 1088 2796 Tacitus:
1120 2732 1236 2796 Cicero
1265 2755 1326 2800 au·

265 2828 354 2894 tem,
376 2827 409 2880 ut
428 2817 567 2896 ridetur,
588 2839 720 2908 semper
737 2815 818 2882 nisi.
832 2812 850 2852 '³
870 2817 1028 2882 Germani
1054 2815 1119 2880 hoc
1142 2817 1325 2887 discrimen

265 2902 361 2970 facile
376 2913 571 2990 agnoscunt,
595 2903 780 2992 quanduiu
800 2901 907 2968 verbis
923 2907 1015 2968 ordre
1030 2902 1124 2966 nicht
1141 2903 1207 2968 sive
1221 2927 1325 2970 avenn

264 2990 417 3054 niclst-
443 2997 536 3056 wri're
553 3001 685 3054 accentu
703 2987 848 3076 graviori
879 2987 1057 3052 intendunt
1082 3011 1198 3053 vocem
1215 2989 1323 3072 uiolet,

264 3085 302 3138 ut
321 3075 386 3140 vim
408 3075 499 3142 verbi
511 3073 550 3140 ni
565 3073 717 3140 reddant.
754 3075 818 3138 Sed
841 3074 1002 3138 orationis
1029 3074 1130 3146 huius
1148 3080 1322 3163 composi-

263 3161 312 3224 tio
335 3159 477 3258 duplicis
499 3171 546 3226 est
569 3161 708 3248 generis.
751 3160 863 3226 Partes
892 3159 981 3224 enim
1007 3161 1245 3225 enuntiationis
1261 3185 1322 3228 ne-
1424 3193 1425 3239 i

263 3269 405 3312 cessario
422 3267 512 3312 nexu
532 3248 619 3313 iuter
640 3271 675 3312 se
688 3244 875 3319 cohaerent,
901 3246 968 3310 sive
991 3246 1219 3312 coniunctivus
1238 3250 1322 3316 utri-

264 3355 328 3420 que
359 3335 447 3420 parti
479 3333 666 3401 communis
709 3341 774 3409 est,
826 3329 925 3396 veluti
964 3333 1050 3418 apud
1089 3331 1198 3397 Tacit.
1229 3334 1322 3401 Eiet.

262 3423 295 3497 3,
318 3422 370 3485 80.
392 3420 432 3484 ni
447 3417 531 3484 dato
554 3443 577 3484 o
593 3417 679 3496 <luce
692 3415 872 3506 praesidio
889 3413 1022 3507 defensa
1029 3414 1161 3506 forent,
1181 3441 1322 3483 sacram

261 3504 372 3570 eliam
386 3505 424 3568 in
439 3517 575 3570 exteras
586 3515 709 3592 gentes
727 3503 923 3590 legatorum
938 3503 991 3568 ius
1012 3540 1052 3552 -
1080 3503 1190 3582 civilis
1204 3501 1321 3571 rabies

261 3589 461 3656 inexilium
484 3601 706 3656 temerassets
741 3609 825 3676 quae
848 3588 967 3654 eodem
1000 3587 1106 3653 modo
1130 3585 1217 3654 dicta
1240 3603 1321 3656 sunt

260 3685 358 3758 utque
384 3675 471 3760 apud
489 3679 561 3743 Cic.
580 3677 675 3742 Verr.
700 3681 733 3751 8,
756 3679 808 3754 18.
831 3676 885 3743 45.
899 3673 1041 3763 glebam
1061 3687 1261 3742 commosset
1281 3699 1321 3742 m

260 3782 350 3846 agro
374 3759 564 3828 decumano
589 3761 732 3828 Siciliae
757 3784 866 3836 nemo,
889 3763 921 3826 si
944 3759 1100 3828 Metellus
1131 3761 1321 3848 dancepi·
1422 3771 1423 3827 ξ

257 3845 387 3922 stolam
407 3869 477 3910 nou
500 3847 667 3913 misisset:
700 3847 768 3912 sire
791 3847 826 3910 in
852 3845 1010 3934 primaria
1036 3847 1197 3912 sententia
1224 3845 1319 3913 indi-

124 3909 125 3913 *
200 3955 233 3987 -·
258 3929 383 3996 cativus
403 3929 514 3996 locum
533 3931 650 4014 habet,
669 3943 707 3996 ut
725 3931 831 3998 Tacit.
852 3935 939 3998 Anu.
962 3936 993 4014 4,
1017 3935 1071 3999 rt.
1085 3933 1125 3997 ni
1142 3931 1230 3998 milri
1248 3931 1317 3998 de-

256 4015 426 4082 stinatam
440 4013 539 4104 foret
557 4039 655 4082 snum
698 4041 764 4084 rrae
785 4039 828 4082 ue
849 4018 889 4082 in
919 4039 1053 4104 ararium¹
1070 4013 1212 4106 referre,
1236 4041 1321 4084 are-

254 4097 316 4190 isat
336 4101 473 4171 animus
495 4103 641 4170 anteire.
677 4039 738 4184 ll,
764 4039 815 4168 iu.
840 4114 874 4171 et
894 4103 1091 4190 reciperare
1110 4103 1320 4170 Armeniam

255 4185 388 4272 arebat,
410 4190 450 4256 ni
470 4213 493 4264 a
520 4185 562 4254 V
557 4187 627 4256 idio
652 4189 828 4258 Marso-
870 4186 996 4258 bellam
1010 4189 1197 4258 minitante
1217 4191 1317 4261 colai·
