2876 4752
176 387 180 390 ·
237 353 305 430 tet
708 351 844 458 nist
960 403 963 408 .

341 533 402 588 Cic.
423 549 451 602 p.
470 529 533 584 nm.
555 527 582 596 ll,
603 525 630 588 8.
654 549 691 584 aa
711 539 749 586 est
771 469 926 602 quisquan,
943 529 998 600 qai·
1010 525 1179 601 leac'lgnoret
1191 557 1228 570 -
1242 537 1292 588 ant

304 621 402 690 negari
421 619 504 672 solere
522 617 626 670 omuino
652 633 707 669 esse
720 621 908 684 sactum,.aut
923 623 990 670 reate
1007 629 1039 670 ae
1051 617 1222 682 inresectum
1237 635 1292 671 esso

302 703 430 773 descendi?
464 703 524 755 Nisi
538 719 598 755 ocra
613 702 776 765 existimatis,
802 704 946 754 dementem
962 703 1050 770 fuisse
1065 704 1225 772 Africanum
1238 709 1290 756 etc.

299 789 348 862 ¹8⁰,
361 789 404 842 81.
438 787 543 854 31191.
569 805 596 856 p.
621 787 702 840 Sulla
721 785 810 853 1128.
918 857 923 861 ι

324 917 375 982 15.
417 915 456 980 ld
489 913 580 1002 quod
608 925 703 980 antea
731 911 813 993 dixi,
846 889 1015 976 accedere
1034 911 1089 980 vet
1110 912 1291 984 adhaerere

235 1001 433 1067 sententiam
463 1001 614 1090 pernisi
640 999 841 1077 formatam,
883 999 1095 1085 cognoscitur
1123 1022 1175 1079 eo,
1197 1001 1290 1088 quod

153 1155 160 1166 ,
235 1088 401 1152 eiusmodi
422 1087 583 1153 sententia
605 1083 810 1150 antecedenti
825 1085 1023 1170 opponitur,
1040 1095 1074 1149 et
1095 1084 1187 1172 quod
1210 1087 1290 1152 haec

235 1175 426 1239 coniunctio
459 1173 679 1262 componitur
713 1191 789 1234 cum
817 1169 887 1234 aliis
916 1169 1009 1268 qaia,
1050 1172 1150 1258 qnod,
1174 1193 1289 1258 quum,
1394 1209 1398 1218 ·

234 1271 364 1326 etcum
387 1271 515 1324 tamen.
556 1258 595 1322 ln
617 1253 766 1322 hisvero
790 1265 963 1320 structuris
995 1277 1098 1342 quum
1122 1281 1194 1322 non
1217 1270 1288 1325 sta-

233 1348 294 1412 tim
320 1355 507 1432 appareret,
526 1349 608 1431 ‘quo
640 1341 758 1407 referri
792 1341 926 1406 deberet
954 1341 1034 1420 nisi,
1064 1342 1231 1408 Manutius
1255 1357 1289 1410 et

234 1433 292 1520 qui
309 1453 385 1496 eum
401 1433 634 1518 sequebantur,
651 1427 1058 1494 VechnerusHellenolex.
1074 1434 1106 1502 2,
1122 1435 1154 1494 3.
1164 1453 1197 1516 p.
1212 1431 1288 1498 425.
1398 1435 1421 1509 J

201 1560 209 1582 η
233 1529 267 1584 01
289 1515 471 1582 Ruhnken.
495 1517 536 1582 ad
556 1517 696 1581 Terent.
720 1513 823 1580 Andr.
847 1513 929 1595 4,1,
952 1514 1007 1576 40:
1031 1513 1288 1614 Dramorob.

234 1605 276 1668 ad
299 1605 370 1668 Liv.
387 1603 449 1684 24,
471 1607 525 1682 20,
550 1607 598 1667 10.
643 1600 849 1666 Schwamius
882 1599 923 1663 ad
952 1599 1035 1663 Pliu.
1064 1599 1141 1665 Pan.
1170 1606 1224 1676 86,
1253 1604 1286 1670 5.

233 1687 454 1778 Oudendorp.
473 1688 513 1752 ad
537 1687 666 1774 Apulei.
686 1687 766 1753 Met.
786 1710 822 1774 p.
843 1689 918 1769 283.
951 1683 1115 1750 ·Dukerus
1137 1687 1180 1766 ud
1197 1683 1286 1755 Flor.

161 1847 164 1852 ,
220 1769 343 1856 '1,22,
375 1779 407 1840 3.
452 1774 610 1839 Walther
632 1773 672 1837 ad
694 1772 802 1837 Tacit.
826 1775 911 1837 Anu.
940 1775 969 1842 1,
1000 1775 1054 1836 33.
1076 1771 1198 1860 aliique
1222 1775 1286 1838 do·-

207 1855 212 1878 ‘
232 1869 372 1926 suerunt
396 1883 458 1948 pro
480 1859 552 1940 sed,
574 1871 729 1926 attamen
744 1857 844 1946 poni:
869 1857 923 1922 alii
940 1855 1120 1942 elliptioam
1139 1883 1209 1924 esse
1231 1861 1287 1925 di-

232 1947 327 2012 cendi
357 1945 505 2011 formam
538 1947 790 2020 existimarunt,
837 1943 926 2009 velut
955 1941 1051 2008 Fabri
1083 1944 1122 2009 ud
1154 1946 1287 2013 Sallust.

231 2032 310 2121 lug.
326 2033 379 2111 24,
401 2033 433 2098 5.
476 2031 651 2097 Walchius
670 2029 712 2096 ad
732 2029 839 2100 Tacit.
859 2031 937 2118 Agr.
968 2051 1002 2115 p.
1025 2029 1098 2095 154.
1143 2031 1286 2100 Rotbius

232 2139 267 2207 p.
289 2120 384 2184 25511
406 2118 555 2182 Kritzius
581 2131 659 2184 vero
679 2117 886 2196 ¹attractionis
908 2113 1048 2202 quadam
1080 2117 1113 2182 vi
1136 2115 1206 2192 fieri
1231 2120 1284 2184 di-

232 2207 287 2283 cit,
309 2216 348 2268 ut
377 2205 534 2269 nisinun
556 2225 596 2268 cu
660 2201 775 2282 verbo,
809 2202 903 2288 quod
929 2201 1072 2287 negandi
1100 2204 1202 2268 verbo
1222 2227 1285 2270 aa·
1382 2222 1389 2234 ·

230 2291 394 2356 tecedenti
424 2312 583 2379 opponen
613 2313 667 2354 um
685 2290 744 2366 sit,
762 2289 1010 2373 coniungatur,
1038 2289 1096 2352 sed
1126 2311 1202 2355 cum
1232 2313 1285 2372 eo,

200 2375 203 2382 '
232 2377 324 2464 quod
350 2399 390 2440 ex
412 2375 470 2442 illo
496 2379 619 2442 omisso
642 2385 758 2462 aptum
789 2397 859 2439 esse
888 2374 1015 2439 debeat.
1068 2373 1184 2461 Itaque
1214 2377 1286 2442 Te-

231 2463 331 2528 rentii
352 2462 461 2528 vcrbis
481 2461 567 2526 Eun.
591 2467 622 2538 3,
645 2465 678 2544 1.
700 2465 732 2524 9.
761 2481 888 2548 nequeo
917 2459 1004 2523 satis
1019 2459 1156 2538 mirari,
1178 2485 1285 2552 neque

231 2549 410 2627 coniecere,
436 2548 517 2624 aiei,
537 2546 704 2635 quidquid
718 2557 780 2626 eet,
805 2545 931 2632 pracial
959 2545 1039 2609 binc
1060 2544 1150 2615 tutet
1169 2551 1298 2636 petae,

231 2633 315 2721 qnid
336 2633 392 2713 eit,
408 2633 592 2698 sciscitari.
616 2653 807 2718 expressam
828 2642 922 2716 putat
942 2632 1159 2698 sententiam:
1184 2658 1285 2722 pror-

230 2741 286 2783 sus
310 2719 445 2790 dubito,
470 2717 554 2805 quid·
573 2720 731 2800 sentiam,
770 2718 833 2782 nisi
857 2715 924 2782 hoc
948 2716 1032 2782 mibi
1064 2731 1191 2785 certum
1224 2734 1284 2800 est,

230 2805 315 2870 mibi
337 2803 473 2882 lubere,
503 2803 665 2891 quidquid
697 2813 765 2882 est,
792 2803 961 2880 sciscitari,
989 2801 1068 2889 quid
1093 2806 1146 2884 sit,
1191 2809 1232 2872 At
1254 2813 1284 2876 si

155 2957 157 2964 χ
230 2890 379 2957 indolem
401 2889 581 2978 particulae
604 2901 693 2955 recte
714 2900 921 2977 perspectam
946 2899 1115 2967 tenemus,
1132 2913 1201 2956 non
1219 2894 1283 2960 du-

230 2977 410 3050 bitabimus
435 2976 621 3061 simplicem
653 2977 830 3040 verborum
855 2985 1056 3040 structuram
1084 3000 1154 3042 esse
1178 2979 1282 3046 banca

229 3083 361 3148 nequeo
394 3061 576 3128 conlisere:
611 3085 681 3127 non
706 3083 858 3150 nequeo,
895 3063 922 3126 si
945 3063 1004 3144 (ne
1032 3062 1076 3142 ss)
1105 3063 1197 3130 lubet
1217 3067 1299 3144 scin¹

178 3199 181 3206 .
229 3147 352 3214 scitari.
394 3149 493 3214 ‘Haec
523 3159 762 3236 opponuntur,
787 3149 919 3220 etdnm
937 3159 1164 3227 secernuntur,
1187 3173 1283 3218 exee-

229 3235 302 3384 ptio
334 3233 382 3302 fit.
441 3233 559 3313 Quare
582 3233 678 3300 facile
704 3244 814 3320 potest
836 3233 989 3300 substitui
1019 3235 1180 3318 particula
1210 3239 1284 3307 sed.

246 3317 358 3386 ,odem
393 3319 497 3384 modo
521 3321 639 3395 Graeci
667 3317 747 3406 01ἠο
786 3319 900 3386 dicunt
932 3321 973 3386 de
1004 3319 1139 3386 diversis
1171 3321 1299 3406 rebus,

229 3405 308 3472 alias
333 3429 394 3496 per
422 3407 581 3489 μὲν-δέ
610 3405 830 3496 opponendis.
888 3407 973 3473 vide
993 3407 1207 3476 Doederlein.
1241 3411 1283 3478 ad

228 3491 336 3581 Soph.
364 3493 448 3560 Oed.
474 3491 549 3558 Col.
580 3495 635 3558 76.
783 3513 785 3516 ·
1158 3526 1160 3532 ·

334 3635 394 3690 cn.
409 3635 445 3690 aa
458 3635 538 3690 ram.
554 3637 599 3702 1a‚
616 3635 661 3702 sa,
673 3635 700 3690 a·
720 3637 754 3692 ae
768 3653 798 3690 re
811 3636 881 3690 ...10
902 3654 1006 3706 pamm
1026 3625 1161 3696 auem.-
1177 3639 1236 3710 pet
1249 3641 1283 3694 a·

298 3721 345 3774 lud
367 3721 435 3774 mibi
457 3730 525 3777 certe
546 3725 695 3794 persuadeo,
720 3730 746 3776 te
766 3723 848 3775 talem
872 3721 960 3776 airum
987 3723 1055 3776 nibil
1079 3728 1282 3795 temeresecisse.

296 3805 368 3862 Plia.
382 3805 456 3861 nist.
471 3827 498 3863 n.
512 3809 557 3878 22,
579 3809 623 3875 22,
645 3807 689 3862 36.
713 3815 750 3870 est
775 3824 836 3860 uero
861 3825 972 3872 caussa,
990 3827 1071 3878 quare
1092 3815 1193 3866 venenu
1208 3831 1283 3866 moa·

297 3899 408 3945 strenuus
423 3894 493 3947 inter
507 3895 793 3964 gramineua'corouose
809 3893 862 3944 nisi
875 3893 995 3948 libidinis
1021 3901 1116 3952 caussa
1139 3899 1283 3968 expetendo

298 3978 380 4032 aliens
398 3981 507 4034 uidetur.
523 3977 544 4032 i.
562 3995 588 4031 0.
604 3995 659 4033 uon
672 3978 722 4045 ita,
750 3977 775 4031 si
796 3975 904 4032 videtur
917 4006 963 4058 -3
994 3969 997 3976 ’
1056 4015 1059 4020 -
1280 3961 1295 3992 ⁸

251 4109 253 4118 “
316 4115 368 4180 16.
410 4107 567 4178 Formuls
591 4121 641 4178 est
661 4113 776 4180 nescia
799 4102 869 4182 aaa
885 4135 1001 4203 saepe,
1023 4137 1085 4182 nec
1101 4095 1238 4182 tantum
1263 4139 1283 4180 s

231 4196 380 4281 comicis,
397 4200 447 4268 uti
464 4197 703 4271 Westerbovio
723 4199 782 4292 (ad
805 4200 942 4305 Terent.
964 4201 1069 4272 Andr.
1094 4203 1131 4282 4,
1164 4205 1282 4290 1,·10.)
1374 4287 1377 4296 λ
