2870 4760
610 383 707 462 aaa.
1006 374 1011 380 “
1135 375 1202 461 ist

16 561 17 656 J
131 556 179 629 ‹tc‘
196 570 236 629 e'o
256 571 423 650 tempore,
447 551 534 628 intra
558 557 650 712 (prod
666 557 797 648 ”aliquid
820 556 860 626 fit
884 559 952 626 sive
976 541 1012 625 in
1028 553 1123 647 qnod
1134 561 1198 628 ali-

160 649 214 714 uid
242 648 377 715 incidit:
409 647 603 717 innerbcl.
653 647 742 712 Tum
775 669 874 736 saepe
908 645 1075 712 adduntur
1088 642 1199 749 forle,

151 759 252 802 orme.
274 736 387 818 Quare
404 745 514 798 errant
531 735 571 814 ii,
592 734 649 821 qui
672 735 707 800 in
736 731 803 818 han
815 733 1062 824 praepositione
1077 737 1200 826 respici

134 822 328 889 existimant
345 820 501 886 continui
515 821 678 908 temporis
699 817 812 884 finem.

238 942 297 1014 cte.
312 961 338 1012 p.
355 942 432 1012 Lege
447 942 522 997 Mun.
538 941 582 1005 11,
601 938 645 994 62.
665 959 744 1010 quam
758 939 921 1010 prouinciam
933 941 1053 994 lenuiatic
1073 958 1092 994 u
1112 959 1199 1012 prae-

133 1015 137 1026 ’
156 1097 159 1102 ¹
203 1027 312 1082 donibus
328 1027 438 1082 liberum
453 1045 500 1098 per
514 1028 587 1080 boace
604 1043 696 1078 anuos.
720 1024 755 1080 ab
773 1025 850 1078 Fam.
869 1025 911 1090 16,
929 1025 955 1092 t,
969 1025 995 1080 8.
1002 1045 1050 1096 per
1064 1034 1102 1082 tal
1117 1046 1199 1082 armac

144 1098 149 1107 ¹
204 1113 338 1184 republica
351 1113 483 1164 denerata.
515 1097 566 1164 Per
582 1129 673 1163 aeuum
687 1109 706 1162 i.
724 1128 747 1164 e.
764 1109 980 1180 inperpetuum.
1004 1109 1060 1163 vid.
1078 1112 1199 1169 Bantbei.

150 1189 154 1197 ’
206 1197 240 1250 ed
256 1198 354 1250 Horat.
370 1197 461 1251 Germ.
479 1213 553 1250 caeo.
569 1193 612 1248 16.
632 1197 781 1250 Burmann.
796 1197 831 1248 eb
848 1195 976 1264 Propert.
990 1195 1102 1270 eune.
1117 1199 1197 1255 0viu.
1246 1226 1247 1230 ¹

205 1283 275 1336 Ber.
294 1283 337 1352 16,
354 1282 397 1335 tl.
416 1300 463 1352 per
480 1291 597 1352 tempora
615 1283 708 1351 longa.
744 1281 796 1332 Per
817 1283 920 1334 caecula
946 1282 1003 1334 vid.
1028 1285 1152 1338 Oudend.
1169 1291 1199 1344 ci

205 1367 358 1424 Burmann.
383 1367 420 1420 ad
447 1367 550 1420 Lucan.
567 1365 594 1432 8,
616 1361 676 1417 266.
707 1363 852 1419 claudian.
879 1366 991 1437 Gigurri.
1013 1367 1060 1422 oS.
1085 1369 1198 1426 Sunion.

133 1445 136 1454 ’
156 1463 160 1470 “
192 1455 284 1508 'Gaea
302 1441 349 1506 88.
362 1471 409 1524 per
423 1461 518 1524 neptem
532 1453 587 1506 aies
603 1455 745 1505 continuae.
762 1451 805 1504 68.
815 1468 864 1522 per
877 1453 978 1520 aliquot
995 1455 1081 1508 borae.
1099 1455 1197 1526 lustin.

204 1537 249 1606 46,
264 1537 290 1604 6,
309 1537 335 1591 6.
353 1556 401 1608 per
416 1556 447 1590 ea
465 1539 552 1590 aclbue
568 1545 686 1606 tempora
700 1537 718 1588 i.
736 1553 762 1588 e.
776 1535 811 1590 iic
834 1537 1015 1605 temporibus.
1057 1577 1062 1592 .

122 1681 126 1692 .
238 1639 431 1709 Cio-Verri,
446 1640 491 1708 12,
505 1641 549 1694 66.
569 1641 606 1696 cic
619 1641 776 1710 emigrabat,
796 1648 825 1694 ut
839 1657 886 1710 per
902 1659 944 1695 eoa
960 1643 1015 1696 aliea
1029 1662 1103 1698 acmo
1119 1647 1198 1701 iilum

206 1735 279 1784 calcu
295 1729 371 1781 illum
389 1729 471 1780 laeum
486 1729 573 1780 videre
586 1736 679 1796 poenal.
703 1727 738 1780 ed
755 1725 810 1781 Au.
829 1726 855 1796 2,
871 1725 897 1782 8.
920 1729 994 1780 nullu
1017 1731 1087 1783 euim
1106 1735 1153 1787 abe
1172 1743 1199 1792 lc

204 1831 252 1885 per
273 1815 319 1866 boa
343 1815 398 1867 aliea
419 1814 531 1882 epistola
549 1813 636 1866 inania
657 1813 748 1882 aliqua
774 1830 802 1865 re
815 1813 883 1865 utili
903 1822 929 1867 et
946 1815 1023 1867 auaui
1036 1827 1150 1872 uenerat.
1167 1819 1197 1876 in

206 1900 285 1952 Vei-r.
303 1899 329 1950 1.
348 1898 408 1952 Aet.
428 1897 455 1962 5,
472 1897 515 1950 16.
533 1899 609 1952 nulla
624 1915 725 1966 reaper
742 1899 882 1950 triennium
896 1899 949 1951 aiei
961 1903 997 1953 uel
1015 1909 1109 1956 autum
1124 1905 1197 1976 itliua

135 2005 137 2014 ·
205 1985 324 2038 iudicata
346 1993 390 2038 ecl.
410 1983 472 2036 niv.
493 1983 538 2048 25,
560 1982 604 2050 31,
625 1981 651 2034 4.
669 2001 719 2036 nou
740 1985 821 2051 pluro
841 2001 890 2054 per
904 2001 984 2037 annae
999 1979 1197 2060 quinquaginta

206 2071 344 2140 benefacta
370 2071 490 2124 {licaonia
513 2098 549 2109 —
567 2087 627 2122 ecce.
651 2067 694 2137 66,
717 2066 760 2132 18,
781 2067 824 2120 22.
846 2086 895 2138 per
915 2072 1017 2124 eoadem
1039 2073 1093 2124 dieo
1109 2081 1197 2142 ferme

206 2165 292 2230 genta.
320 2151 763 2223 Alianpndllrukenb.ed1.iv.
785 2153 829 2217 en,
853 2153 896 2221 68,
920 2153 945 2208 b.
967 2154 1010 2221 66,
1036 2155 1079 2222 14,
1104 2160 1129 2212 1.
1147 2179 1198 2232 pci-

204 2260 247 2297 om
256 2247 330 2312 sarle
347 2242 400 2293 diei
419 2241 560 2292 M’Aciliue
574 2239 660 2291 concub
673 2267 709 2277 -
736 2240 865 2307 pedestres
885 2242 971 2309 copiae
988 2243 1123 2297 Larissam
1146 2249 1198 2300 clu·

205 2345 312 2382 ecre-
336 2328 453 2386 tribunae
468 2325 604 2378 iuncinvd.
620 2322 756 2376 FORTB.
776 2324 854 2378 Gaea.
869 2324 902 2376 B.
917 2325 986 2395 gell.
1004 2326 1030 2398 6,
1047 2327 1090 2396 66,
1110 2331 1134 2383 1.
1150 2352 1200 2402 pff.

206 2429 294 2468 amaea
314 2413 456 2480 superiores
469 2411 534 2463 alies.
554 2407 609 2461 alit
624 2408 690 2461 libri
711 2407 842 2463 omittunt
854 2411 1097 2480 praepositionem.
1122 2417 1197 2474 Sua-

207 2503 262 2554 lun.
284 2493 376 2566 Gallg.
401 2493 444 2548 21.
459 2513 508 2566 per
531 2496 664 2548 continuos
683 2495 746 2547 dieo.
765 2493 813 2547 ubi
827 2495 980 2552 Burmann.

242 2617 299 2672 Cic.
312 2617 391 2670 Brut.
408 2613 452 2680 83,
467 2612 530 2668 286.
551 2615 604 2666 clun
614 2615 727 2682 fueruat
738 2629 787 2684 per
801 2613 869 2667 icleu
881 2621 981 2688 tempus
1002 2617 1140 2674 ‹liaeimilee
1153 2621 1197 2676 iu·

207 2711 249 2759 lar
264 2721 308 2770 ee,
326 2705 371 2756 aecl
386 2703 577 2755 ultici'tumen.
1091 2729 1094 2735 ,

241 2806 312 2858 cuna
328 2821 442 2860 nurnero
459 2804 577 2868 abiecto,
593 2798 702 2870 quatiet
715 2797 859 2870 aliquidin
873 2805 999 2872 tempore
1012 2805 1070 2872 ilat,
1090 2807 1139 2862 ubi
1149 2809 1198 2866 cl·

207 2909 272 2946 ecro
288 2895 315 2945 iu
334 2890 412 2944 elicit.
434 2893 514 2944 Gaea.
528 2889 560 2942 Β.
578 2888 632 2947 cir.
647 2887 673 2955 2,
689 2884 734 2940 62.
751 2887 819 2954 quod
839 2889 878 2940 bie
890 2907 939 2958 per
962 2893 1071 2945 biduum
1087 2899 1197 2964 equestri

206 2975 514 3048 proelioaupecaueriml
545 2972 656 3026 Pellad.
681 2971 708 3038 6,
732 2971 759 3037 1,
781 2971 806 3026 6.
825 2975 905 3028 aesica
928 2989 977 3045 per
999 2996 1097 3034 anuum
1113 2983 1197 3040 melio.

207 3061 322 3118 Baeton.
340 3051 420 3130 Vaap.
441 3059 485 3112 26.
501 3059 622 3130 memnii
643 3085 680 3098 -
707 3057 822 3112 inediam
839 3060 918 3112 umus
943 3061 997 3115 dici
1012 3081 1060 3132 per·
1080 3065 1199 3136 ringulae
1265 3054 1274 3071 ”

207 3167 307 3205 menaea
324 3149 506 3216 interponeret.

237 3253 288 3306 Per
301 3260 399 3304 noctem
413 3265 463 3318 pro
480 3255 568 3301 noctu.
588 3244 686 3300 lustin.
695 3243 720 3315 1,
730 3243 755 3312 8,
764 3243 790 3298 8.
809 3219 1016 3317 i'qruarenercuc
1027 3267 1076 3319 per
1087 3259 1197 3307 melem.

206 3337 259 3394 Per
268 3337 401 3391 meridiem
417 3333 437 3387 i.
448 3350 472 3387 o.
488 3332 603 3387 meridie
617 3333 680 3386 niv.
697 3331 740 3398 42,
754 3330 798 3398 64,
815 3330 842 3384 8.
862 3331 911 3384 nbi
927 3332 1069 3388 Drakenb.

226 3469 260 3529 2.
284 3464 369 3528 Cum
390 3461 597 3542 nominibus,
621 3483 774 3548 quaeres
795 3461 828 3523 in
852 3469 1007 3546 tempore
1020 3459 1122 3526 factae
1136 3465 1198 3530 ud·

139 3553 167 3620 ai
216 3549 336 3630 incant,
358 3549 571 3636 coniungitur
580 3571 660 3698 per,
679 3558 714 3610 ut
729 3547 772 3611 sit
787 3545 887 3610 iuter.
918 3547 1000 3647 blide
1015 3549 1198 3616 Burmann.

134 3659 161 3710 u
197 3637 335 3704 Sueten.
355 3636 448 3701 Caes.
470 3637 502 3702 5.
524 3634 578 3700 Oa
603 3635 744 3720 endnrp.
759 3631 801 3696 ad
823 3630 956 3718 Apuleu
971 3634 1053 3699 Met.
1070 3657 1104 3722 p.
1121 3642 1197 3704 722.

244 3756 337 3810 eraut.
356 3755 423 3809 ciat.
440 3755 466 3820 1,
486 3755 512 3818 1,
530 3755 574 3808 91.
591 3771 638 3824 per
650 3752 776 3821 Dionysia
789 3759 876 3806 muter
896 3771 1022 3824 pompam
1038 3774 1078 3810 me
1097 3767 1199 3826 epecta-

208 3851 267 3900 lum
282 3842 366 3895 duuil.
393 3839 473 3892 Cure.
495 3837 522 3906 b,
547 3839 574 3905 2,
596 3837 640 3892 ab.
664 3836 726 3890 bie.
748 3835 777 3902 2,
800 3838 843 3906 18,
866 3838 892 3890 l.
909 3857 987 3907 quum
1007 3859 1056 3910 per
1074 3843 1149 3896 ludeo
1164 3845 1199 3898 ab

209 3929 367 3986 Sabinarum
390 3927 521 3980 iuventute
540 3943 589 3996 pei·
610 3923 743 3976 lnocinium
766 3932 852 3976 morta
878 3933 1043 3994 caperentur.
1068 3925 1093 3992 6,
1113 3927 1155 3995 16,
1170 3927 1196 3982 4.

206 4021 371 4073 mancaelum
385 4013 413 4065 id
426 4012 526 4064 malum
540 4017 565 4064 el
579 4020 627 4079 per
642 4009 756 4062 aliarum
772 4009 882 4078 quietem
896 4011 1023 4082 malorum
1044 4031 1144 4082 semper
1156 4031 1198 4066 ec-

209 4102 304 4156 ariem.
320 4097 341 4157 i.
364 4113 389 4150 c.
408 4095 476 4150 dnm
498 4093 678 4164 quiescebant
701 4093 787 4150 male.
802 4093 846 4164 38,
859 4093 942 4162 2,14.
955 4106 1047 4168 postea
1057 4115 1107 4168 pec
1119 4098 1199 4150 indu-

209 4185 265 4240 cine
280 4181 420 4254 mpeliemli
433 4197 518 4236 caeam
542 4182 659 4252 polentae
675 4183 755 4250 sacia
773 4188 819 4236 eil.
838 4179 865 4248 8,
887 4179 930 4248 16,
956 4181 1000 4234 lb.
1020 4184 1090 4234 unde
1110 4181 1199 4236 unciali

209 4270 318 4342 egregia
330 4269 442 4326 merdin
452 4283 503 4340 per
514 4267 599 4324 rauba
608 4265 676 4322 bello
685 4283 837 4338 magnaque
847 4283 924 4338 caepe
938 4267 981 4318 uai
993 4267 1063 4320 eiiii.
1083 4263 1199 4318 Sueten.

897 4351 982 4416 28*
