2886 4756
241 311 308 378 262
725 301 831 372 NON.

246 485 390 568 oeeupnt
419 476 453 543 in
481 474 651 552 oratione,
678 473 863 559 intenditur
884 469 1091 539 roeulatione
1109 495 1178 540 non
1204 475 1300 544 aliter

247 585 348 652 quem
360 557 598 650 'quodcumque
616 561 703 625 eliud
721 582 858 624 nomen.
900 559 974 622 Hoe
990 560 1077 622 enim
1096 573 1223 625 eertum
1239 575 1299 645 est,

246 651 312 715 nisi
328 650 432 714 eliens
449 668 561 714 caussa
577 645 766 724 intercedat,
783 668 853 710 nore
871 665 1003 730 semper
1026 665 1099 725 suo,
1123 649 1213 732 quod
1235 671 1298 714 ne.

248 746 353 824 getnr,
380 733 530 814 nomini,
561 743 594 797 et
611 733 638 796 si
662 732 759 820 plara
787 733 822 795 in
847 751 945 799 unum
970 730 1141 796 notionem
1169 745 1297 814 coeant,

248 831 421 885 autunum
439 841 509 886 rem
534 818 812 904 complectuntur,
835 816 901 878 suis
918 815 1108 880 nominibus
1121 821 1298 904 praeponi.

247 905 341 972 iniis
358 916 468 972 sutem
487 905 631 991 primurn
649 904 760 968 locum
779 903 810 964 id
826 901 888 964 sibi
906 898 1056 973 vindicet,
1082 903 1171 988 quod
1190 899 1303 969 inuio-'

247 1013 321 1056 rem
343 993 409 1057 vim
427 991 606 1056 sententiae
621 989 727 1053 offert.
758 987 845 1052 Nem
871 1006 972 1070 quum
991 985 1106 1050 Cicero
1124 989 1202 1054 dicit
1218 991 1299 1054 Plri-

247 1077 331 1164 lipp.
355 1081 386 1156 8,
404 1081 435 1156 8,
459 1082 513 1142 23.
537 1076 593 1139 oni
615 1075 672 1160 (μα’
696 1097 765 1139 aaa
782 1083 898 1160 paret.
923 1093 992 1136 nort
1012 1070 1054 1136 ab
1070 1096 1108 1138 eo
1123 1075 1298 1141 nearsrlata

190 1196 195 1202 ·
249 1161 457 1249 accipienda
477 1171 575 1239 suat,
606 1159 686 1224 illud
708 1181 777 1223 aaa
804 1157 947 1244 pertinet
972 1154 1012 1220 sd
1036 1157 1172 1224 verbum
1200 1163 1298 1229 aeci—

242 1247 377 1336 piencla
403 1258 500 1328 erent,
531 1245 583 1308 eui
608 1245 779 1308 inhaerent
803 1242 928 1324 relique
952 1244 1142 1328 praemisso.
1199 1248 1299 1314 Aend.

246 1339 354 1414 217,
375 1335 433 1398 64.
457 1354 518 1396 aar
534 1329 700 1418 idpatias
726 1325 942 1406 contenditis,
972 1327 1062 1414 quod
1085 1353 1200 1394 rerum
1227 1356 1298 1396 rra·-

160 1450 164 1458 ·
248 1430 329 1484 tura
346 1442 414 1484 noa
426 1417 572 1502 patitur,
595 1428 631 1480 ut
656 1439 726 1481 aaa
747 1423 812 1478 sno'
832 1411 977 1501 quidque
995 1436 1122 1500 genere
1145 1417 1191 1480 sit
1213 1418 1297 1500 tale,

249 1504 350 1592 quale
369 1501 442 1569 est?
482 1501 567 1566 Illud
583 1523 644 1566 sao
665 1499 810 1586 quidque
830 1521 957 1586 genere
974 1521 1043 1564 esse
1067 1521 1131 1564 uns
1158 1503 1299 1570 notione

248 1612 325 1654 eom
353 1587 553 1653 rehenditur.
585 1587 639 1652 cf.
662 1587 785 1650 librum
809 1585 849 1648 de
870 1588 949 1647 Arte
971 1583 1026 1656 let.
1048 1587 1145 1650 scrib.
1171 1611 1203 1674 p.
1219 1595 1296 1654 331.

248 1685 314 1740 eta
352 1674 540 1762 Wopkens.
556 1673 644 1740 Lect.
662 1696 695 1760 p.
711 1678 784 1736 321.
830 1669 895 1732 Sed
914 1679 1026 1753 potest
1047 1691 1112 1735 una
1134 1676 1300 1740 sententie

249 1759 375 1848 duplici
392 1759 495 1824 modo
513 1759 672 1846 exprimi:
697 1756 797 1822 relati
816 1756 883 1819 Cio.
906 1754 1019 1819 Monil.
1032 1762 1089 1844 ¹23,
1105 1761 1157 1822 67.
1174 1760 1231 1846 qui
1247 1759 1298 1824 acl

158 1885 162 1894 =
248 1869 355 1911 unum
376 1843 564 1935 deserenda
589 1845 708 1908 omitia
731 1865 801 1906 esse
833 1863 902 1904 nan
931 1839 1158 1932 arbitrantur.
1209 1846 1297 1936 Hoep

248 1932 349 1998 etiam
364 1929 427 1996 diei
445 1940 598 2015 poterent
618 1929 675 2017 qui
690 1953 759 1992 noa
775 1925 824 1992 acl
839 1948 943 1990 anum
958 1925 992 1990 cl.
1007 1951 1038 1991 o.
1062 1951 1090 1992 e.
1116 1926 1298 1996 arbitran-

153 2059 169 2076 ,
248 2028 317 2083 tar.
362 2019 515 2082 Attamen
539 2015 741 2102 pronomina
766 2011 932 2077 interdum
955 2012 1000 2076 its
1024 2013 1297 2100 interponuntur,

247 2113 286 2168 ut
304 2123 373 2168 non
388 2125 405 2168 a
421 2125 482 2168 suo
498 2103 598 2166 verbo
615 2099 759 2186 separari
782 2097 941 2162 videntur.
973 2097 1040 2162 Cio.
1063 2099 1094 2163 T
1098 2121 1162 2164 uso.
1187 2107 1219 2181 3,
1242 2109 1298 2186 32,
1377 2125 1381 2130 ·

247 2193 302 2254 77.
322 2211 389 2254 nort
409 2200 445 2252 ta
466 2187 521 2252 illi
535 2187 672 2265 hretrtm,
696 2183 757 2248 sed
783 2181 969 2266 stultitiam
992 2181 1195 2250 detraxeris.
1230 2189 1297 2254 Ge.

247 2283 358 2340 terum
375 2274 431 2338 ubi
447 2297 516 2338 non
533 2295 642 2338 osrere
661 2271 788 2340 videtur
802 2274 861 2332 suo
881 2269 995 2346 verbo,
1009 2268 1054 2362 fit*
1070 2293 1130 2356 per
1153 2272 1297 2360 ellipsin.

169 2371 171 2378 '
248 2359 356 2424 Varro
375 2359 416 2426 de
435 2357 471 2424 L.
493 2359 550 2424 lot.
572 2363 604 2434 8,
628 2361 679 2422 18.
702 2367 740 2419 at
764 2353 807 2420 ab
829 2353 1074 2438 aequinoctiali
1095 2357 1221 2422 circulo
1247 2359 1299 2426 acl

247 2445 466 2510 solstitialem
488 2455 520 2509 et
536 2443 615 2508 liius
637 2441 686 2506 ad
709 2440 1022 2527 septemtrionalem
1045 2439 1210 2518 illusam,
1246 2445 1299 2511 sio

248 2543 372 2610 centra
385 2527 532 2618 peribas
545 2526 706 2616 partibas
722 2527 815 2591 idem
830 2549 852 2590 a
868 2523 989 2593 bruma
1007 2548 1137 2594 versum
1155 2541 1299 2596 coatra-

248 2613 308 2682 ria
319 2629 424 2704 perte
441 2638 521 2680 non.

351 2716 410 2772 cte.
426 2717 460 2769 tle
480 2714 542 2768 Fin.
556 2711 584 2778 4,
598 2714 643 2779 21,
673 2713 716 2767 tt.
734 2712 823 2782 quibas
836 2721 887 2764 nou
899 2710 940 2764 illi
956 2713 1016 2780 plus
1038 2714 1167 2781 tribuant,
1189 2717 1234 2786 qai
1249 2719 1299 2774 illa

316 2802 383 2856 lona
398 2817 451 2854 esre
464 2801 569 2874 dinotet,
583 2818 662 2868 qaam
677 2800 765 2861 Ζειιο,
783 2797 827 2866 qai
844 2802 935 2866 negat.
970 2796 998 2850 in
1020 2797 1098 2856 verr.
1120 2800 1146 2866 3,
1167 2801 1194 2866 ὃ,
1210 2795 1237 2853 li.
1253 2805 1299 2872 par·

315 2885 411 2938 cisium
424 2901 591 2938 romanorum
606 2887 667 2938 iura
685 2901 716 2936 oe
731 2884 874 2936 libertatem
899 2890 1019 2938 sanctam
1041 2887 1116 2954 apud
1140 2905 1225 2940 omues
1247 2889 1300 2941 lra-

315 2970 370 3022 ieri
384 2969 458 3036 uelit,
474 2970 497 3022 is
512 2987 565 3022 non
581 2971 627 3024 tili
639 2971 698 3040 plus
716 2985 795 3036 quam
815 2966 936 3018 inimicus
948 2985 1009 3020 esse
1030 2971 1142 3022 deleat?
1175 2972 1299 3041 Vtroque

314 3051 345 3108 in
358 3053 420 3106 loeo
437 3041 606 3108 Goerenzius
629 3054 752 3108 affirmat
774 3069 828 3104 non
852 3067 869 3104 a
891 3052 1001 3106 nomine
1013 3055 1073 3124 ptos
1087 3055 1222 3108 maiorem
1240 3056 1299 3111 rim

313 3137 431 3192 hebere.
465 3139 501 3192 tt
516 3146 613 3192 neutro
635 3139 664 3194 in
690 3141 751 3192 loeo
772 3155 827 3192 nea
849 3135 884 3192 etl
905 3138 964 3206 plne
987 3139 1113 3205 pertinet,
1131 3140 1179 3192 sed
1198 3141 1232 3194 nd
1256 3147 1299 3194 to-
1342 3152 1351 3161 “

264 3211 267 3216 ’
314 3227 372 3276 tum
395 3225 566 3290 sententiam,
594 3225 623 3278 in
648 3226 708 3292 que‘
725 3240 824 3277 nomen
851 3220 941 3288 primo
967 3222 1028 3274 loco
1052 3223 1169 3291 positum
1184 3225 1297 3280 eminet.
1327 3259 1336 3281 t

313 3306 435 3363 Fallitur
449 3308 523 3365 idom
539 3309 583 3364 vir
600 3309 694 3361 doetus
714 3309 743 3364 io
759 3309 819 3358 loeo
843 3305 877 3358 tle
893 3305 954 3360 Fir.
969 3305 997 3371 2,
1014 3305 1057 3371 27,
1073 3307 1116 3362 89.
1133 3307 1181 3378 ubi
1200 3309 1299 3364 eadem

314 3391 349 3446 tle
366 3411 463 3450 neusse
486 3395 605 3463 scripsit:
623 3395 713 3462 quibus
729 3394 806 3445 retas
821 3392 972 3464 efficiantur
994 3393 1147 3462 voluptates,
1174 3395 1224 3448 irae
1246 3413 1298 3452 nou

313 3477 344 3530 in
357 3485 481 3548 potestate
502 3488 562 3535 sant
585 3479 717 3548 sapientis.
751 3473 841 3530 Maior
862 3475 938 3528 enim
950 3479 952 3482 ’
965 3477 1007 3530 vis
1031 3467 1163 3532 orationis
1180 3477 1253 3534 inest
1268 3479 1298 3535 iu

312 3563 435 3632 vulgetis
450 3582 503 3616 nou
518 3571 579 3617 sunt
595 3565 627 3616 in¹¹
635 3571 770 3632 potestate.
799 3551 916 3629 Quintil.
935 3559 978 3628 lt,
997 3562 1022 3626 1,
1046 3563 1104 3616 1⁰1.
1132 3571 1159 3616 at
1182 3582 1234 3616 non
1254 3565 1298 3617 ti-
1327 3552 1330 3566 ⁴

310 3649 392 3702 steria
407 3648 524 3700 cesserim
543 3647 655 3702 Graecis.
689 3648 734 3701 lte
758 3645 933 3716 Spaldingius
955 3645 1041 3700 erlidit
1057 3665 1072 3700 o
1087 3647 1164 3700 sorid.
1192 3665 1242 3715 pro
1268 3655 1299 3703 at

312 3729 424 3784 tristor-io
439 3747 491 3783 non
508 3734 622 3784 cesserim
637 3732 753 3786 aritiens:
772 3737 913 3796 „nostrum
930 3731 1020 3784 uerius
1036 3739 1078 3789 est
1095 3733 1122 3786 iu
1139 3732 1298 3801 negatione,
1323 3747 1329 3760 ·

313 3813 393 3865 velut
407 3813 476 3866 illutl
492 3813 605 3884 Virgilii
619 3819 722 3886 Georg.
737 3813 764 3880 4,
778 3813 838 3868 530.
856 3823 885 3869 at
910 3835 963 3869 non
989 3817 1110 3886 Cyrene.“
1145 3817 1205 3870 Non
1230 3835 1299 3887 gru-

313 3895 377 3950 vior
399 3905 442 3953 est
466 3900 596 3968 negotio,
640 3903 689 3954 sed
716 3895 804 3953 verbs
829 3901 938 3954 Moris
967 3903 1082 3954 auserim
1102 3902 1206 3954 oratius
1235 3909 1298 3958 sunt
1367 3890 1373 3902 ¹

191 3989 214 4006 '¹
310 3982 456 4038 eoniunetu
471 3999 525 4038 uns
538 3985 658 4039 notione.
692 3971 740 4038 ‘vta
757 3985 937 4053 oppositionis
959 3992 1002 4040 est
1023 3986 1108 4048 lunt.
1129 3986 1186 4040 etc.
1204 3986 1239 4038 etl
1261 3987 1296 4054 Q.

312 4067 403 4124 Frutr.
418 4067 445 4135 8,
462 4068 489 4121 li.
507 4087 588 4138 paors
600 4087 655 4122 noa
668 4071 786 4139 equidm
800 4071 855 4123 iam
878 4078 904 4124 te
924 4059 1006 4141 rogo,
1025 4079 1056 4124 ut
1078 4080 1131 4124 ete.
1149 4072 1221 4124 hsoe
1242 4088 1298 4126 une

313 4161 357 4210 un
371 4143 521 4212 verborum
534 4155 696 4227 complexio.
731 4155 815 4212 Aaou
828 4155 856 4220 2,
869 4154 974 4222 ltili.
987 4151 1063 4212 sinet
1073 4173 1124 4220 eo,
1147 4175 1213 4230 quae
1226 4155 1297 4214 esni
