2854 4750
504 359 603 426 uno.
646 305 809 444 usuro.
972 456 974 464 .
1033 299 1042 318 ⁸
1127 367 1185 430 ur

152 523 159 526 “
198 533 333 596 aonsulto3
355 532 484 599 Quirites,
502 548 582 600 aeque
602 533 674 600 apud
689 549 733 584 vos
755 539 818 585 uate
834 532 892 600 feci
913 531 1083 596 mentionees,
1102 549 1135 584 ue
1151 559 1186 572 -

197 619 323 688 refricare
342 619 480 670 obductam
493 620 532 670 rei
543 617 665 687 publicae
678 616 819 668 cicatricem
834 617 944 670 viderer.
976 617 1012 670 ot.
1030 634 1056 685 p.
1072 614 1132 670 1118.

466 713 476 744 X

220 775 270 836 19.
302 769 396 850 Q'uue
422 769 671 854 disiunguntur.
703 777 843 854 possunt
865 767 966 832 simul
994 743 1093 834 etium
1117 791 1184 856 op·
1226 787 1232 792 ’

126 855 240 944 poni„
279 856 402 935 Quare*
424 853 595 934 Martialis*
616 851 699 918 dixit
731 859 762 928 6,
788 856 841 935 75,
862 856 893 918 4.
925 855 989 917 bas
1024 878 1088 942 ego
1119 877 1181 920 nec
1263 865 1266 869 ⁴

126 942 269 1050 mittum
301 941 451 1092 ςξπτία,
496 937 569 1002 sed·
595 961 657 1003 nec
695 937 809 1014 eclam,
873 939 1031 1006 Similiter
1067 941 1184 1008 Graeci

124 1051 308 1092 oure-ou
345 1073 353 1090 .

213 1187 267 1246 20.
295 1179 333 1246 In
361 1177 503 1244 secunda
529 1186 626 1265 parte
655 1178 889 1242 enuntiationis
915 1165 1093 1266 porticulus
1121 1199 1184 1246 neo

127 1265 199 1330 sive
226 1290 349 1355 nepeta,
373 1263 689 1330 mutatoorutionis
716 1286 833 1342 eursu,
863 1266 1030 1330 interdum
1053 1265 1182 1332 addun-

127 1361 187 1416 tur
205 1353 297 1419 uliae.
341 1351 404 1416 Vbi
422 1349 530 1414 Lutini
547 1371 652 1435 neque
666 1385 709 1398 ··“
722 1373 827 1436 neque
842 1361 959 1416 tamen
976 1352 1098 1432 dieunt,
1118 1374 1182 1418 nos

127 1439 291 1502 Germani
322 1439 462 1502 dicimus
493 1435 607 1500 mester
628 1467 671 1482 —-
692 1437 779 1500 acolt
803 1437 900 1510 arran.
958 1433 1074 1523 Neque
1106 1460 1182 1504 vera
1219 1465 1220 1468 ¹

126 1523 292 1612 signifieat
318 1523 425 1587 merita
447 1521 579 1610 minus.-
609 1520 697 1606 quod
725 1521 834 1608 ipsum
866 1524 1055 1588 conveniret
1084 1523 1183 1588 etiam

128 1607 263 1674 formae
288 1633 350 1690 nea
368 1631 464 1673 vero.-
488 1607 544 1670 sed
572 1607 722 1670 desidero
747 1607 901 1691 exemplo
928 1619 1028 1672 oertu.
1048 1633 1052 1639 ·
1073 1609 1183 1676 verba

118 1695 165 1786 ja
183 1695 287 1762 selbot
300 1697 419 1775 nield,
442 1715 526 1778 quac
552 1692 753 1756 Goerenzius
778 1694 817 1756 ad
839 1695 905 1760 Cio.
929 1693 970 1758 de
983 1689 1062 1760 tin.
1081 1701 1113 1779 2,
1130 1702 1197 1778 lt„

128 1788 185 1848 33.
211 1791 406 1869 comparat,
427 1801 495 1842 non
514 1777 634 1864 ubique
656 1778 910 1866 aptavidentur.

242 1923 339 1976 Plane.
360 1922 393 1974 ad
411 1920 469 1974 Cic.
490 1917 577 1987 Epist.
592 1917 634 1982 111,
650 1915 692 1982 24,
711 1917 753 1970 16.
777 1936 823 1971 uos
845 1919 946 1971 interea
969 1919 1072 1972 duriori
1091 1919 1179 1972 caudi·

195 2009 267 2060 tibae
292 2008 384 2060 bellum
408 2005 580 2058 metiremusz
598 2005 667 2071 quod
690 2021 772 2071 aepue
794 2005 1010 2072 expeditissimam
1034 2005 1181 2066 dimicatio-

193 2110 253 2160 rrern
275 2100 418 2160 putamus,
443 2099 522 2158 aeque
544 2097 633 2141 tameo
658 2089 816 2156 refugiendo
841 2089 1000 2139 commissuri
1019 2105 1123 2159 rumas„
1151 2095 1180 2142 ut

196 2177 283 2229 maius
297 2159 477 2228 detrimentum
495 2175 641 2244 respublica
658 2174 774 2240 accipere
790 2173 878 2242 posuit.
913 2171 1040 2238 Propert.
1056 2171 1082 2236 1,
1096 2170 1138 2237 16,
1154 2169 1181 2224 9.

197 2279 241 2314 nec
253 2277 359 2330 possum
374 2247 483 2328 infamis
499 2259 620 2312 dominae
630 2259 770 2324 defendere
783 2265 868 2310 noctes
877 2257 971 2308 nabilis
985 2257 1109 2308 obscoenis
1124 2263 1181 2310 tra-

196 2346 257 2398 dita
276 2345 450 2408 carminibus,
468 2362 513 2398 neo
529 2343 619 2398 tamen
633 2341 681 2393 illa
694 2359 741 2394 sua
756 2350 892 2394 revocatur
905 2357 1012 2412 parcere
1022 2345 1124 2408 sarrae.
1140 2412 1142 2416 Ι

243 2445 302 2501 cte.
334 2465 360 2514 p.
384 2447 459 2500 Mar.
483 2443 537 2509 35‚'
556 2443 599 2496 74.
631 2461 709 2512 neque
736 2452 823 2498 tamea
846 2434 1044 2496 baceddemoaii
1066 2445 1180 2496 auctores

195 2533 271 2584 istius
289 2535 360 2584 uitae
374 2540 452 2600 atque
472 2526 614 2591 orationis,
634 2531 679 2596 qui
697 2531 855 2598 quotidianis
874 2531 956 2598 epulis
975 2531 1002 2580 iu
1023 2531 1113 2582 robore
1135 2545 1180 2578 ac-

198 2619 339 2672 cumbunt:
359 2634 440 2684 oeque
455 2634 515 2668 uero
532 2617 633 2676 Cretes,
652 2633 760 2682 quorrrm
775 2633 849 2666 nemo
864 2607 983 2684 gustabit
997 2631 1119 2681 umquam
1135 2631 1180 2664 cu·

197 2703 277 2765 bans,
296 2703 388 2753 melius
409 2719 488 2770 qaam
503 2701 616 2752 Romani
628 2701 758 2764 homiues,
778 2702 822 2770 qui
836 2709 956 2768 tempora
977 2687 1116 2766 voluptatis
1137 2697 1179 2749 la-

195 2787 314 2854 borisque
329 2785 499 2854 dispertiunt,
524 2784 696 2852 respublicas
711 2803 773 2837 suas
790 2771 959 2838 retinuerunt·
992 2800 1019 2851 p.
1038 2782 1113 2834 Sext.
1135 2780 1179 2846 16,

92 2859 95 2879 i
194 2869 238 2922 36.
264 2870 430 2938 aeque'buic
455 2877 537 2924 uestro
558 2875 632 2920 tanto
656 2870 740 2920 studio
770 2871 912 2934 audiendi,
940 2885 1018 2935 aeque
1038 2884 1097 2918 uero
1120 2867 1179 2916 buia

164 2969 165 2972 ’
195 2963 286 3008 1ππ1αε
311 2955 476 3006 multitudini
493 2981 528 2993 —-
545 2954 627 3006 deero.
668 2952 789 3006 Oreitiue
815 2971 848 3006 ex
870 2953 934 3006 edit.
957 2952 1076 3023 Nauger.
1100 2966 1178 3002 reoc-

195 3039 237 3106 pit
257 3057 302 3091 uec
323 3057 399 3106 uero,
422 3055 587 3107 quamquam
610 3039 639 3090 in
662 3039 739 3090 oodd.
770 3038 854 3091 etiam
876 3037 1052 3090 besuensibus
1075 3034 1179 3104 tegitur

195 3141 286 3194 neque.
347 3157 350 3162 ,

143 3281 145 3285 ,
241 3227 298 3280 cte.
313 3244 340 3294 p.
356 3209 430 3278 Goel.
446 3223 489 3290 311,
506 3226 549 3278 12.
567 3228 611 3279 uui
625 3245 706 3296 neque
724 3227 858 3302 proprium
872 3225 974 3294 quidem
988 3225 1090 3284 crimen,
1100 3241 1180 3293 quae-
1231 3205 1236 3230 ⁴

147 3381 149 3386 A
194 3313 285 3364 ebionis
300 3311 435 3374 obiicitur,
453 3329 497 3364 neo
514 3329 573 3364 uero
588 3311 689 3380 aliquid
713 3311 941 3388 eiusmodi,pquod
964 3309 998 3360 sit
1021 3327 1046 3359 a.
1059 3308 1118 3377 iege
1138 3325 1178 3362 se·
1224 3340 1225 3343 =

193 3397 328 3470 iunctum,¹
345 3409 402 3447 cum
426 3403 513 3448 uestra
528 3399 661 3473 seueritate
675 3383 849 3450 coniunctum.
873 3393 906 3446 tle
920 3394 979 3446 Inv.
995 3392 1020 3457 1,
1034 3391 1061 3452 3,
1078 3389 1104 3444 4.
1124 3391 1178 3444 veri

192 3481 354 3533 simillimum
370 3481 436 3532 mibi
451 3481 572 3546 uidetur,
588 3482 702 3550 quodam
716 3490 827 3550 tempore
849 3473 933 3546 neque
957 3478 985 3529 iu
1006 3477 1116 3546 publicis
1137 3495 1178 3530 re-

193 3566 239 3616 bus
253 3567 370 3630 infantes
386 3572 413 3616 et
430 3565 576 3634 insipientes
598 3567 712 3618 bomiues
733 3567 822 3618 soiitos
840 3581 891 3616 esse
915 3563 1029 3626 uersari,
1051 3579 1094 3614 uec
1116 3579 1178 3615 uero

193 3651 230 3702 ad
243 3651 364 3718 privatus
385 3667 491 3720 cumeae
509 3668 618 3721 maguus
633 3669 666 3704 aa
683 3653 789 3705 disertos
804 3641 918 3702 homiues
936 3648 1065 3700 accedere.

240 3749 298 3803 cte.
324 3718 408 3802 Tiso.
430 3749 457 3814 5,
478 3751 522 3816 33,
546 3752 589 3805 93.
621 3755 760 3808 secuudum
782 3760 867 3806 autem
895 3769 980 3822 genus
1002 3749 1176 3818 cupiditatum

191 3852 237 3888 uec
252 3837 288 3887 ad
300 3837 449 3904 potiendum
461 3839 572 3905 difficile
587 3857 638 3892 esse
654 3847 753 3903 censet,
771 3855 816 3890 uec
831 3853 889 3890 uero
907 3838 941 3888 ad
957 3836 1107 3889 carendum.

119 4051 199 4094 cum
215 4030 301 4094 baec
322 4036 521 4098 commutari
537 4057 599 4098 neo
617 4035 741 4098 notavit
763 4031 1014 4100 Drakenborch.
1040 4029 1079 4094 ad
1098 4031 1173 4094 Lis.
1240 4091 1243 4093 ,

119 4121 177 4193 81,
193 4119 253 4194 20,
270 4120 300 4180 7.
323 4117 399 4182 oum
419 4141 505 4202 nort,
532 4120 571 4192 ad
598 4121 630 4204 5,
656 4123 709 4204 54,
726 4125 758 4185 2.
784 4119 956 4208 Kreyssig.
978 4116 1017 4182 ud
1038 4117 1105 4181 Liv.
1120 4119 1174 4220 bi.
1233 4135 1235 4139 ’

1415 3413 1416 3464 1

1415 3629 1416 3680 1

165 3943 199 4030 1)
223 3943 273 4008 De
291 3949 501 4010 commutatis
520 3949 682 4012 verbisne
702 3957 734 4010 ot
751 3971 812 4012 neo
830 3945 901 4010 vide
919 3969 949 4031 p.
967 3949 1029 4010 59.
1064 3945 1174 4008 Etiam
1415 3913 1416 3974 1

118 4225 155 4288 p.
175 4203 247 4266 318.
