<?xml version="1.0" encoding="UTF-8"?>
<!DOCTYPE html PUBLIC "-//W3C//DTD XHTML 1.0 Transitional//EN"
    "http://www.w3.org/TR/xhtml1/DTD/xhtml1-transitional.dtd">
<html xmlns="http://www.w3.org/1999/xhtml" xml:lang="en" lang="en">
 <head>
  <title>
</title>
<meta http-equiv="Content-Type" content="text/html;charset=utf-8" />
  <meta name='ocr-system' content='tesseract 3.04.00' />
  <meta name='ocr-capabilities' content='ocr_page ocr_carea ocr_par ocr_line ocrx_word'/>
</head>
<body>
  <div class='ocr_page' id='page_1' title='image "./ferdinandihandi02torsgoog_0155.png"; bbox 0 0 2854 4750; ppageno 0'>
   <div class='ocr_carea' id='block_1_1' title="bbox 299 291 1223 386">
    <p class='ocr_par' dir='ltr' id='par_1_1' title="bbox 299 291 1223 386">
     <span class='ocr_line' id='line_1_1' title="bbox 299 291 1223 386; baseline 0.008 -27"><span class='ocrx_word' id='word_1_1' title='bbox 299 317 316 342; x_wconf 56' lang='lat'>2</span> <span class='ocrx_word' id='word_1_2' title='bbox 411 291 585 362; x_wconf 85' lang='lat' dir='ltr'><strong><em>uacvnr.</em></strong></span> <span class='ocrx_word' id='word_1_3' title='bbox 628 293 852 364; x_wconf 80' lang='lat' dir='ltr'><strong><em>nacvnnu.</em></strong></span> <span class='ocrx_word' id='word_1_4' title='bbox 1101 301 1176 386; x_wconf 66' lang='lat' dir='ltr'><strong><em>ns</em></strong></span> <span class='ocrx_word' id='word_1_5' title='bbox 1219 315 1223 332; x_wconf 58' lang='lat'>¹</span> 
     </span>
    </p>
   </div>
   <div class='ocr_carea' id='block_1_2' title="bbox 99 451 1162 639">
    <p class='ocr_par' dir='ltr' id='par_1_2' title="bbox 99 451 1162 639">
     <span class='ocr_line' id='line_1_2' title="bbox 147 451 1162 532; baseline 0.004 -3"><span class='ocrx_word' id='word_1_6' title='bbox 147 507 155 518; x_wconf 86' lang='lat'><strong>·</strong></span> <span class='ocrx_word' id='word_1_7' title='bbox 183 464 218 529; x_wconf 83' lang='lat'><strong><em>5.</em></strong></span> <span class='ocrx_word' id='word_1_8' title='bbox 242 461 433 528; x_wconf 87' lang='lat' dir='ltr'><strong><em>Recentiori</em></strong></span> <span class='ocrx_word' id='word_1_9' title='bbox 452 463 525 528; x_wconf 90' lang='lat' dir='ltr'><strong><em>usui</em></strong></span> <span class='ocrx_word' id='word_1_10' title='bbox 541 451 697 531; x_wconf 79' lang='lat' dir='ltr'><strong><em>eonveuit</em></strong></span> <span class='ocrx_word' id='word_1_11' title='bbox 712 464 914 530; x_wconf 83' lang='lat' dir='ltr'><strong><em>abundantia</em></strong></span> <span class='ocrx_word' id='word_1_12' title='bbox 934 462 969 528; x_wconf 92' lang='lat' dir='ltr'><strong><em>in</em></strong></span> <span class='ocrx_word' id='word_1_13' title='bbox 992 452 1162 532; x_wconf 74' lang='lat' dir='ltr'><strong><em>collocan-</em></strong></span> 
     </span>
     <span class='ocr_line' id='line_1_3' title="bbox 99 547 719 639; baseline 0.002 -25"><span class='ocrx_word' id='word_1_14' title='bbox 99 547 148 614; x_wconf 78' lang='lat' dir='ltr'><strong><em>dis</em></strong></span> <span class='ocrx_word' id='word_1_15' title='bbox 171 547 349 639; x_wconf 80' lang='lat' dir='ltr'><strong><em>vpcabulis</em></strong></span> <span class='ocrx_word' id='word_1_16' title='bbox 365 550 478 616; x_wconf 80' lang='lat' dir='ltr'><strong><em>addae</em></strong></span> <span class='ocrx_word' id='word_1_17' title='bbox 498 551 719 626; x_wconf 34' lang='lat' dir='ltr'><strong><em>fluendum.</em></strong></span> 
     </span>
    </p>
   </div>
   <div class='ocr_carea' id='block_1_3' title="bbox 82 657 1199 1066">
    <p class='ocr_par' dir='ltr' id='par_1_3' title="bbox 167 657 1199 998">
     <span class='ocr_line' id='line_1_4' title="bbox 206 657 1160 738; baseline 0.002 -14"><span class='ocrx_word' id='word_1_18' title='bbox 206 671 319 724; x_wconf 77' lang='lat' dir='ltr'><strong><em>Sunion.</em></strong></span> <span class='ocrx_word' id='word_1_19' title='bbox 338 669 403 724; x_wconf 77' lang='lat' dir='ltr'><strong><em>Ner.</em></strong></span> <span class='ocrx_word' id='word_1_20' title='bbox 413 669 439 724; x_wconf 76' lang='lat' dir='ltr'><strong><em>i.</em></strong></span> <span class='ocrx_word' id='word_1_21' title='bbox 455 679 526 726; x_wconf 88' lang='lat' dir='ltr'><strong><em>tener</em></strong></span> <span class='ocrx_word' id='word_1_22' title='bbox 539 672 635 736; x_wconf 83' lang='lat' dir='ltr'><strong><em>adbrro,</em></strong></span> <span class='ocrx_word' id='word_1_23' title='bbox 655 674 766 724; x_wconf 80' lang='lat' dir='ltr'><strong><em>necdum</em></strong></span> <span class='ocrx_word' id='word_1_24' title='bbox 779 676 889 723; x_wconf 85' lang='lat' dir='ltr'><strong><em>matura</em></strong></span> <span class='ocrx_word' id='word_1_25' title='bbox 897 671 1021 738; x_wconf 86' lang='lat' dir='ltr'><strong><em>pueritia.</em></strong></span> <span class='ocrx_word' id='word_1_26' title='bbox 1040 657 1122 726; x_wconf 74' lang='lat' dir='ltr'><strong>Gala.</strong></span> <span class='ocrx_word' id='word_1_27' title='bbox 1133 671 1160 726; x_wconf 82' lang='grc'><strong><em>5.</em></strong></span> 
     </span>
     <span class='ocr_line' id='line_1_5' title="bbox 169 756 1167 826; baseline 0.005 -18"><span class='ocrx_word' id='word_1_28' title='bbox 169 773 240 826; x_wconf 76' lang='lat' dir='ltr'><strong><em>puae</em></strong></span> <span class='ocrx_word' id='word_1_29' title='bbox 252 756 379 808; x_wconf 85' lang='lat' dir='ltr'><strong><em>maritum</em></strong></span> <span class='ocrx_word' id='word_1_30' title='bbox 389 775 487 826; x_wconf 80' lang='lat' dir='ltr'><strong><em>puopue</em></strong></span> <span class='ocrx_word' id='word_1_31' title='bbox 501 757 596 821; x_wconf 78' lang='lat' dir='ltr'><strong><em>addar,</em></strong></span> <span class='ocrx_word' id='word_1_32' title='bbox 611 758 723 808; x_wconf 76' lang='lat' dir='ltr'><strong><em>nendum</em></strong></span> <span class='ocrx_word' id='word_1_33' title='bbox 737 757 856 808; x_wconf 79' lang='lat' dir='ltr'><strong><em>coelibem</em></strong></span> <span class='ocrx_word' id='word_1_34' title='bbox 872 756 984 808; x_wconf 79' lang='lat' dir='ltr'><em>Galbam</em></span> <span class='ocrx_word' id='word_1_35' title='bbox 998 759 1167 813; x_wconf 84' lang='lat' dir='ltr'><strong><em>adeamultis.</em></strong></span> 
     </span>
     <span class='ocr_line' id='line_1_6' title="bbox 167 840 1199 908; baseline 0.004 -14"><span class='ocrx_word' id='word_1_36' title='bbox 167 841 356 894; x_wconf 80' lang='lat' dir='ltr'><strong><em>sollicitauerat</em></strong></span> <span class='ocrx_word' id='word_1_37' title='bbox 370 841 469 906; x_wconf 89' lang='lat' dir='ltr'><strong><em>modis,</em></strong></span> <span class='ocrx_word' id='word_1_38' title='bbox 492 847 522 894; x_wconf 87' lang='lat' dir='ltr'><strong><em>ut</em></strong></span> <span class='ocrx_word' id='word_1_39' title='bbox 539 850 592 894; x_wconf 82' lang='lat' dir='ltr'><strong><em>etc.</em></strong></span> <span class='ocrx_word' id='word_1_40' title='bbox 627 840 764 908; x_wconf 75' lang='lat' dir='ltr'><strong><em>Displicet</em></strong></span> <span class='ocrx_word' id='word_1_41' title='bbox 788 840 977 908; x_wconf 87' lang='lat' dir='ltr'><strong><em>Oudendorpii</em></strong></span> <span class='ocrx_word' id='word_1_42' title='bbox 1002 844 1161 896; x_wconf 81' lang='lat' dir='ltr'><strong><em>coniectura</em></strong></span> <span class='ocrx_word' id='word_1_43' title='bbox 1196 891 1199 898; x_wconf 92' lang='lat'>.</span> 
     </span>
     <span class='ocr_line' id='line_1_7' title="bbox 167 925 1160 998; baseline 0.006 -22"><span class='ocrx_word' id='word_1_44' title='bbox 167 927 266 978; x_wconf 84' lang='lat' dir='ltr'><strong><em>nedum</em></strong></span> <span class='ocrx_word' id='word_1_45' title='bbox 285 927 420 992; x_wconf 75' lang='lat' dir='ltr'><strong><em>coelibem,</em></strong></span> <span class='ocrx_word' id='word_1_46' title='bbox 439 927 525 998; x_wconf 75' lang='lat' dir='ltr'><strong><em>atiani</em></strong></span> <span class='ocrx_word' id='word_1_47' title='bbox 541 927 577 980; x_wconf 81' lang='lat' dir='ltr'><strong><em>ab</em></strong></span> <span class='ocrx_word' id='word_1_48' title='bbox 595 943 645 994; x_wconf 89' lang='lat' dir='ltr'><strong><em>eu,</em></strong></span> <span class='ocrx_word' id='word_1_49' title='bbox 665 927 787 997; x_wconf 82' lang='lat' dir='ltr'><strong><em>quaeda</em></strong></span> <span class='ocrx_word' id='word_1_50' title='bbox 809 931 899 978; x_wconf 87' lang='lat' dir='ltr'><strong><em>matra</em></strong></span> <span class='ocrx_word' id='word_1_51' title='bbox 922 925 1043 994; x_wconf 80' lang='lat' dir='ltr'><strong>Lepidae</strong></span> <span class='ocrx_word' id='word_1_52' title='bbox 1066 926 1160 984; x_wconf 83' lang='lat' dir='ltr'><strong><em>additu</em></strong></span> 
     </span>
    </p>

    <p class='ocr_par' dir='ltr' id='par_1_4' title="bbox 82 1009 1167 1066">
     <span class='ocr_line' id='line_1_8' title="bbox 82 1009 1167 1066; baseline 0.004 -5"><span class='ocrx_word' id='word_1_53' title='bbox 82 1031 87 1040; x_wconf 53' lang='lat'><strong>⁴</strong></span> <span class='ocrx_word' id='word_1_54' title='bbox 167 1015 241 1062; x_wconf 87' lang='lat' dir='ltr'><strong><em>suut.</em></strong></span> <span class='ocrx_word' id='word_1_55' title='bbox 273 1009 309 1063; x_wconf 87' lang='lat' dir='ltr'><strong><em>de</em></strong></span> <span class='ocrx_word' id='word_1_56' title='bbox 323 1011 446 1066; x_wconf 85' lang='lat' dir='ltr'><strong><em>Gramm.</em></strong></span> <span class='ocrx_word' id='word_1_57' title='bbox 465 1009 509 1065; x_wconf 82' lang='lat'><strong><em>24.</em></strong></span> <span class='ocrx_word' id='word_1_58' title='bbox 1046 1019 1050 1027; x_wconf 93' lang='grc'><em>“</em></span> <span class='ocrx_word' id='word_1_59' title='bbox 1133 1023 1136 1028; x_wconf 88' lang='grc'><strong>’</strong></span> <span class='ocrx_word' id='word_1_60' title='bbox 1165 1021 1167 1028; x_wconf 89' lang='grc'><strong>“</strong></span> 
     </span>
    </p>
   </div>
   <div class='ocr_carea' id='block_1_4' title="bbox 301 1179 1030 1276">
    <p class='ocr_par' dir='ltr' id='par_1_5' title="bbox 290 1179 1030 1288">
     <span class='ocr_line' id='line_1_9' title="bbox 301 1179 1030 1276; baseline 0.014 -9.851"><span class='ocrx_word' id='word_1_61' title='bbox 301 1179 556 1270; x_wconf 73' lang='lat' dir='ltr'><strong><em>naevus.</em></strong></span> <span class='ocrx_word' id='word_1_62' title='bbox 613 1179 953 1268; x_wconf 44' lang='lat' dir='ltr'><strong><em>nunninae,</em></strong></span> <span class='ocrx_word' id='word_1_63' title='bbox 1026 1268 1030 1276; x_wconf 85' lang='grc'>,</span> 
     </span>
    </p>
   </div>
   <div class='ocr_carea' id='block_1_5' title="bbox 96 1345 1156 2038">
    <p class='ocr_par' dir='ltr' id='par_1_6' title="bbox 96 1345 1156 2038">
     <span class='ocr_line' id='line_1_10' title="bbox 186 1345 1156 1432; baseline 0.003 -20"><span class='ocrx_word' id='word_1_64' title='bbox 186 1355 217 1412; x_wconf 94' lang='grc'><strong><em>1.</em></strong></span> <span class='ocrx_word' id='word_1_65' title='bbox 248 1345 357 1412; x_wconf 91' lang='lat' dir='ltr'><strong><em>Verba</em></strong></span> <span class='ocrx_word' id='word_1_66' title='bbox 380 1371 424 1412; x_wconf 84' lang='lat' dir='ltr'><strong><em>ne</em></strong></span> <span class='ocrx_word' id='word_1_67' title='bbox 448 1345 596 1432; x_wconf 83' lang='lat' dir='ltr'><strong><em>alieubi,</em></strong></span> <span class='ocrx_word' id='word_1_68' title='bbox 617 1371 659 1414; x_wconf 88' lang='lat' dir='ltr'><strong><em>ne</em></strong></span> <span class='ocrx_word' id='word_1_69' title='bbox 686 1345 849 1412; x_wconf 72' lang='lat' dir='ltr'><em>alicunde</em></span> <span class='ocrx_word' id='word_1_70' title='bbox 874 1359 1042 1414; x_wconf 82' lang='lat' dir='ltr'><strong><em>eontracta</em></strong></span> <span class='ocrx_word' id='word_1_71' title='bbox 1066 1349 1156 1416; x_wconf 90' lang='lat' dir='ltr'><strong><em>dioe-</em></strong></span> 
     </span>
     <span class='ocr_line' id='line_1_11' title="bbox 97 1432 1156 1524; baseline 0.005 -27"><span class='ocrx_word' id='word_1_72' title='bbox 97 1433 222 1498; x_wconf 86' lang='lat' dir='ltr'><strong><em>bantur</em></strong></span> <span class='ocrx_word' id='word_1_73' title='bbox 242 1432 379 1508; x_wconf 81' lang='lat' dir='ltr'><strong><em>necubi,</em></strong></span> <span class='ocrx_word' id='word_1_74' title='bbox 401 1435 564 1500; x_wconf 75' lang='lat' dir='ltr'><strong><em>necunde.</em></strong></span> <span class='ocrx_word' id='word_1_75' title='bbox 607 1434 743 1522; x_wconf 42' lang='lat' dir='ltr'><strong><em>Duplex.</em></strong></span> <span class='ocrx_word' id='word_1_76' title='bbox 766 1435 800 1497; x_wconf 92' lang='lat' dir='ltr'><strong><em>in</em></strong></span> <span class='ocrx_word' id='word_1_77' title='bbox 825 1433 876 1498; x_wconf 88' lang='lat' dir='ltr'><strong><em>his</em></strong></span> <span class='ocrx_word' id='word_1_78' title='bbox 902 1446 951 1498; x_wconf 84' lang='lat' dir='ltr'><strong><em>est</em></strong></span> <span class='ocrx_word' id='word_1_79' title='bbox 971 1434 1156 1524; x_wconf 84' lang='lat' dir='ltr'><strong><em>explicandi</em></strong></span> 
     </span>
     <span class='ocr_line' id='line_1_12' title="bbox 97 1519 1155 1608; baseline 0.003 -25"><span class='ocrx_word' id='word_1_80' title='bbox 97 1521 168 1602; x_wconf 85' lang='lat' dir='ltr'><strong><em>ria,</em></strong></span> <span class='ocrx_word' id='word_1_81' title='bbox 190 1519 250 1584; x_wconf 87' lang='lat' dir='ltr'><strong><em>sed</em></strong></span> <span class='ocrx_word' id='word_1_82' title='bbox 267 1519 400 1584; x_wconf 85' lang='lat' dir='ltr'><strong><em>ineerta.</em></strong></span> <span class='ocrx_word' id='word_1_83' title='bbox 436 1521 522 1584; x_wconf 87' lang='lat' dir='ltr'><strong><em>Nam</em></strong></span> <span class='ocrx_word' id='word_1_84' title='bbox 542 1519 598 1608; x_wconf 90' lang='lat' dir='ltr'><strong><em>qui</em></strong></span> <span class='ocrx_word' id='word_1_85' title='bbox 617 1521 805 1585; x_wconf 81' lang='lat' dir='ltr'><strong><em>existimant</em></strong></span> <span class='ocrx_word' id='word_1_86' title='bbox 821 1520 964 1585; x_wconf 82' lang='lat' dir='ltr'><strong><em>litteram</em></strong></span> <span class='ocrx_word' id='word_1_87' title='bbox 982 1547 1001 1585; x_wconf 88' lang='lat' dir='ltr'><strong><em>c</em></strong></span> <span class='ocrx_word' id='word_1_88' title='bbox 1019 1545 1155 1586; x_wconf 82' lang='lat' dir='ltr'><strong><em>reman-</em></strong></span> 
     </span>
     <span class='ocr_line' id='line_1_13' title="bbox 96 1605 1154 1693; baseline 0.004 -25"><span class='ocrx_word' id='word_1_89' title='bbox 96 1606 179 1670; x_wconf 87' lang='lat' dir='ltr'><strong><em>sisse</em></strong></span> <span class='ocrx_word' id='word_1_90' title='bbox 197 1605 360 1670; x_wconf 84' lang='lat' dir='ltr'><strong><em>ex·ver·bo</em></strong></span> <span class='ocrx_word' id='word_1_91' title='bbox 378 1605 516 1693; x_wconf 82' lang='lat' dir='ltr'><strong><em>aliquo,</em></strong></span> <span class='ocrx_word' id='word_1_92' title='bbox 539 1629 607 1671; x_wconf 89' lang='lat' dir='ltr'><strong><em>non</em></strong></span> <span class='ocrx_word' id='word_1_93' title='bbox 624 1617 794 1692; x_wconf 84' lang='lat' dir='ltr'><strong><em>reputasse</em></strong></span> <span class='ocrx_word' id='word_1_94' title='bbox 811 1606 980 1686; x_wconf 85' lang='lat' dir='ltr'><strong><em>videntur,</em></strong></span> <span class='ocrx_word' id='word_1_95' title='bbox 1005 1631 1154 1692; x_wconf 88' lang='lat' dir='ltr'><strong><em>quomo-</em></strong></span> 
     </span>
     <span class='ocr_line' id='line_1_14' title="bbox 97 1690 1155 1778; baseline 0.004 -24"><span class='ocrx_word' id='word_1_96' title='bbox 97 1691 141 1754; x_wconf 89' lang='lat' dir='ltr'><strong><em>do</em></strong></span> <span class='ocrx_word' id='word_1_97' title='bbox 161 1690 216 1756; x_wconf 83' lang='lat' dir='ltr'><strong><em>ali</em></strong></span> <span class='ocrx_word' id='word_1_98' title='bbox 235 1691 331 1756; x_wconf 81' lang='lat' dir='ltr'><strong><em>avelli</em></strong></span> <span class='ocrx_word' id='word_1_99' title='bbox 351 1693 514 1778; x_wconf 82' lang='lat' dir='ltr'><strong><em>potuerit:</em></strong></span> <span class='ocrx_word' id='word_1_100' title='bbox 537 1693 593 1778; x_wconf 87' lang='lat' dir='ltr'><strong><em>qui</em></strong></span> <span class='ocrx_word' id='word_1_101' title='bbox 611 1703 722 1776; x_wconf 84' lang='lat' dir='ltr'><strong><em>autem</em></strong></span> <span class='ocrx_word' id='word_1_102' title='bbox 739 1692 939 1756; x_wconf 83' lang='lat' dir='ltr'><strong><em>arbitrantur</em></strong></span> <span class='ocrx_word' id='word_1_103' title='bbox 964 1717 983 1757; x_wconf 84' lang='lat' dir='ltr'><strong><em>n</em></strong></span> <span class='ocrx_word' id='word_1_104' title='bbox 1009 1693 1155 1758; x_wconf 85' lang='lat' dir='ltr'><strong><em>litterum</em></strong></span> 
     </span>
     <span class='ocr_line' id='line_1_15' title="bbox 97 1776 1155 1866; baseline 0.004 -26"><span class='ocrx_word' id='word_1_105' title='bbox 97 1801 168 1841; x_wconf 86' lang='lat' dir='ltr'><strong><em>esse</em></strong></span> <span class='ocrx_word' id='word_1_106' title='bbox 186 1777 227 1840; x_wconf 92' lang='lat' dir='ltr'><strong><em>ad</em></strong></span> <span class='ocrx_word' id='word_1_107' title='bbox 246 1776 372 1842; x_wconf 83' lang='lat' dir='ltr'><strong><em>hiatum</em></strong></span> <span class='ocrx_word' id='word_1_108' title='bbox 396 1777 582 1842; x_wconf 85' lang='lat' dir='ltr'><strong><em>tollendum</em></strong></span> <span class='ocrx_word' id='word_1_109' title='bbox 605 1779 857 1862; x_wconf 76' lang='lat' dir='ltr'><strong>interpositam,</strong></span> <span class='ocrx_word' id='word_1_110' title='bbox 880 1801 947 1842; x_wconf 91' lang='lat' dir='ltr'><strong><em>non</em></strong></span> <span class='ocrx_word' id='word_1_111' title='bbox 973 1781 1155 1866; x_wconf 83' lang='lat' dir='ltr'><strong><em>respiciunt</em></strong></span> 
     </span>
     <span class='ocr_line' id='line_1_16' title="bbox 97 1863 1153 1952; baseline 0.006 -28"><span class='ocrx_word' id='word_1_112' title='bbox 97 1873 224 1926; x_wconf 86' lang='lat' dir='ltr'><strong><em>veteres</em></strong></span> <span class='ocrx_word' id='word_1_113' title='bbox 243 1864 497 1948; x_wconf 85' lang='lat' dir='ltr'><strong><em>grammaticos,</em></strong></span> <span class='ocrx_word' id='word_1_114' title='bbox 521 1866 577 1950; x_wconf 82' lang='lat' dir='ltr'><strong><em>qni</em></strong></span> <span class='ocrx_word' id='word_1_115' title='bbox 602 1874 759 1936; x_wconf 78' lang='lat' dir='ltr'><strong><em>narraui,</em></strong></span> <span class='ocrx_word' id='word_1_116' title='bbox 781 1863 916 1952; x_wconf 82' lang='lat' dir='ltr'><strong><em>solitum</em></strong></span> <span class='ocrx_word' id='word_1_117' title='bbox 941 1864 1042 1928; x_wconf 83' lang='lat' dir='ltr'><strong><em>fuisse</em></strong></span> <span class='ocrx_word' id='word_1_118' title='bbox 1066 1865 1153 1930; x_wconf 87' lang='lat' dir='ltr'><strong><em>seri-</em></strong></span> 
     </span>
     <span class='ocr_line' id='line_1_17' title="bbox 96 1946 1153 2038; baseline 0.005 -26"><span class='ocrx_word' id='word_1_119' title='bbox 96 1949 174 2012; x_wconf 88' lang='lat' dir='ltr'><strong><em>bere</em></strong></span> <span class='ocrx_word' id='word_1_120' title='bbox 191 1946 353 2036; x_wconf 65' lang='lat' dir='ltr'><strong><em>aliquobi,</em></strong></span> <span class='ocrx_word' id='word_1_121' title='bbox 397 1948 601 2038; x_wconf 77' lang='lat' dir='ltr'><strong><em>significatio</em></strong></span> <span class='ocrx_word' id='word_1_122' title='bbox 619 1947 751 2014; x_wconf 76' lang='lat' dir='ltr'><strong><em>firmior</em></strong></span> <span class='ocrx_word' id='word_1_123' title='bbox 766 1961 909 2030; x_wconf 86' lang='lat' dir='ltr'><strong><em>constat,</em></strong></span> <span class='ocrx_word' id='word_1_124' title='bbox 933 1951 1061 2016; x_wconf 83' lang='lat' dir='ltr'><strong><em>etiamsi</em></strong></span> <span class='ocrx_word' id='word_1_125' title='bbox 1082 1975 1153 2017; x_wconf 90' lang='lat' dir='ltr'><strong><em>non</em></strong></span> 
     </span>
    </p>
   </div>
   <div class='ocr_carea' id='block_1_6' title="bbox 94 2035 1216 2186">
    <p class='ocr_par' dir='ltr' id='par_1_7' title="bbox 94 2035 1216 2186">
     <span class='ocr_line' id='line_1_18' title="bbox 94 2035 1216 2186; baseline 0.005 -88"><span class='ocrx_word' id='word_1_126' title='bbox 94 2045 263 2186; x_wconf 48' lang='lat' dir='ltr'><strong><em>{a5mdrara</em></strong></span> <span class='ocrx_word' id='word_1_127' title='bbox 288 2046 417 2100; x_wconf 83' lang='lat' dir='ltr'><strong><em>exstuat</em></strong></span> <span class='ocrx_word' id='word_1_128' title='bbox 441 2035 613 2125; x_wconf 85' lang='lat' dir='ltr'><strong><em>exemplu,</em></strong></span> <span class='ocrx_word' id='word_1_129' title='bbox 635 2045 670 2099; x_wconf 88' lang='lat' dir='ltr'><strong><em>nt</em></strong></span> <span class='ocrx_word' id='word_1_130' title='bbox 696 2035 878 2122; x_wconf 83' lang='lat' dir='ltr'><strong><em>Herzogius</em></strong></span> <span class='ocrx_word' id='word_1_131' title='bbox 898 2036 938 2100; x_wconf 86' lang='lat' dir='ltr'><strong><em>ud</em></strong></span> <span class='ocrx_word' id='word_1_132' title='bbox 961 2037 1043 2101; x_wconf 77' lang='lat' dir='ltr'><strong><em>nen.</em></strong></span> <span class='ocrx_word' id='word_1_133' title='bbox 1066 2061 1097 2126; x_wconf 82' lang='lat' dir='ltr'><strong><em>g.</em></strong></span> <span class='ocrx_word' id='word_1_134' title='bbox 1120 2044 1152 2122; x_wconf 87' lang='lat'><strong><em>7,</em></strong></span> <span class='ocrx_word' id='word_1_135' title='bbox 1212 2059 1216 2071; x_wconf 83' lang='grc'><em>·</em></span> 
     </span>
     <span class='ocr_line' id='line_1_19' title="bbox 138 2131 269 2186; baseline -0.008 0"><span class='ocrx_word' id='word_1_136' title='bbox 138 2165 149 2186; x_wconf 96' lang='grc'><strong><em>.</em></strong></span> <span class='ocrx_word' id='word_1_137' title='bbox 200 2131 269 2186; x_wconf 86' lang='lat' dir='ltr'><strong><em>rest.</em></strong></span> 
     </span>
    </p>
   </div>
   <div class='ocr_carea' id='block_1_7' title="bbox 158 2238 1151 2988">
    <p class='ocr_par' dir='ltr' id='par_1_8' title="bbox 158 2238 1151 2988">
     <span class='ocr_line' id='line_1_20' title="bbox 201 2238 1151 2310; baseline -0.002 -16"><span class='ocrx_word' id='word_1_138' title='bbox 201 2243 280 2294; x_wconf 82' lang='lat' dir='ltr'><strong><em>Caes.</em></strong></span> <span class='ocrx_word' id='word_1_139' title='bbox 299 2241 333 2293; x_wconf 91' lang='grc' dir='ltr'><strong><em>Β.</em></strong></span> <span class='ocrx_word' id='word_1_140' title='bbox 353 2240 421 2310; x_wconf 77' lang='lat' dir='ltr'><strong><em>gali.</em></strong></span> <span class='ocrx_word' id='word_1_141' title='bbox 446 2239 472 2306; x_wconf 72' lang='grc' dir='ltr'><strong><em>Ἰ,</em></strong></span> <span class='ocrx_word' id='word_1_142' title='bbox 489 2238 533 2295; x_wconf 81' lang='grc'><strong><em>35.</em></strong></span> <span class='ocrx_word' id='word_1_143' title='bbox 556 2241 685 2309; x_wconf 69' lang='lat' dir='ltr'><strong><em>dispositis</em></strong></span> <span class='ocrx_word' id='word_1_144' title='bbox 706 2239 927 2309; x_wconf 60' lang='lat' dir='ltr'><strong><em>exploratoribus,</em></strong></span> <span class='ocrx_word' id='word_1_145' title='bbox 945 2241 1039 2292; x_wconf 85' lang='lat' dir='ltr'><strong><em>necubi</em></strong></span> <span class='ocrx_word' id='word_1_146' title='bbox 1061 2242 1151 2308; x_wconf 69' lang='lat' dir='ltr'><strong><em>affecta</em></strong></span> 
     </span>
     <span class='ocr_line' id='line_1_21' title="bbox 158 2323 1151 2398; baseline -0.002 -20"><span class='ocrx_word' id='word_1_147' title='bbox 158 2335 240 2398; x_wconf 82' lang='lat' dir='ltr'><strong><em>ponte</em></strong></span> <span class='ocrx_word' id='word_1_148' title='bbox 253 2327 368 2378; x_wconf 80' lang='lat' dir='ltr'><strong><em>Romani</em></strong></span> <span class='ocrx_word' id='word_1_149' title='bbox 381 2326 468 2394; x_wconf 82' lang='lat' dir='ltr'><strong><em>sapius</em></strong></span> <span class='ocrx_word' id='word_1_150' title='bbox 490 2327 664 2379; x_wconf 83' lang='lat' dir='ltr'><strong><em>traducerent.</em></strong></span> <span class='ocrx_word' id='word_1_151' title='bbox 697 2323 757 2378; x_wconf 83' lang='lat' dir='ltr'><strong>Liv.</strong></span> <span class='ocrx_word' id='word_1_152' title='bbox 780 2323 824 2390; x_wconf 90' lang='grc'><strong><em>22,</em></strong></span> <span class='ocrx_word' id='word_1_153' title='bbox 840 2325 867 2388; x_wconf 85' lang='grc'>2,</span> <span class='ocrx_word' id='word_1_154' title='bbox 883 2324 911 2376; x_wconf 84' lang='grc'><strong><em>3.</em></strong></span> <span class='ocrx_word' id='word_1_155' title='bbox 935 2325 1058 2378; x_wconf 82' lang='lat' dir='ltr'><strong><em>admistis</em></strong></span> <span class='ocrx_word' id='word_1_156' title='bbox 1082 2325 1151 2394; x_wconf 88' lang='lat' dir='ltr'><strong><em>ipsu·</em></strong></span> 
     </span>
     <span class='ocr_line' id='line_1_22' title="bbox 163 2410 1150 2480; baseline -0.003 -17"><span class='ocrx_word' id='word_1_157' title='bbox 163 2422 224 2463; x_wconf 87' lang='lat' dir='ltr'><strong><em>rrtm</em></strong></span> <span class='ocrx_word' id='word_1_158' title='bbox 240 2411 430 2480; x_wconf 70' lang='lat' dir='ltr'><strong><em>impedimentis</em></strong></span> <span class='ocrx_word' id='word_1_159' title='bbox 444 2413 535 2462; x_wconf 78' lang='lat' dir='ltr'><strong><em>necubi</em></strong></span> <span class='ocrx_word' id='word_1_160' title='bbox 551 2412 684 2464; x_wconf 72' lang='lat' dir='ltr'><strong><em>consistere</em></strong></span> <span class='ocrx_word' id='word_1_161' title='bbox 704 2410 802 2462; x_wconf 85' lang='lat' dir='ltr'><strong><em>canetis</em></strong></span> <span class='ocrx_word' id='word_1_162' title='bbox 815 2410 960 2461; x_wconf 91' lang='lat' dir='ltr'><strong><em>necessaria</em></strong></span> <span class='ocrx_word' id='word_1_163' title='bbox 976 2411 1087 2462; x_wconf 76' lang='lat' dir='ltr'><strong><em>odessus</em></strong></span> <span class='ocrx_word' id='word_1_164' title='bbox 1104 2410 1150 2460; x_wconf 87' lang='lat' dir='ltr'><strong><em>de-</em></strong></span> 
     </span>
     <span class='ocr_line' id='line_1_23' title="bbox 160 2491 1151 2560; baseline -0.005 -12"><span class='ocrx_word' id='word_1_165' title='bbox 160 2503 253 2549; x_wconf 84' lang='lat' dir='ltr'><strong><em>essent.</em></strong></span> <span class='ocrx_word' id='word_1_166' title='bbox 288 2495 331 2558; x_wconf 87' lang='grc'><strong><em>22,</em></strong></span> <span class='ocrx_word' id='word_1_167' title='bbox 353 2492 397 2559; x_wconf 85' lang='grc'><strong><em>16,</em></strong></span> <span class='ocrx_word' id='word_1_168' title='bbox 419 2492 446 2546; x_wconf 91' lang='grc'><strong><em>5.</em></strong></span> <span class='ocrx_word' id='word_1_169' title='bbox 480 2494 523 2560; x_wconf 87' lang='grc'><strong><em>22,</em></strong></span> <span class='ocrx_word' id='word_1_170' title='bbox 542 2494 592 2557; x_wconf 82' lang='grc'>28,</span> <span class='ocrx_word' id='word_1_171' title='bbox 602 2493 629 2548; x_wconf 74' lang='grc' dir='ltr'><strong><em>Β.</em></strong></span> <span class='ocrx_word' id='word_1_172' title='bbox 664 2492 710 2560; x_wconf 89' lang='grc'><strong><em>25,</em></strong></span> <span class='ocrx_word' id='word_1_173' title='bbox 727 2495 771 2558; x_wconf 78' lang='lat'><strong><em>33,</em></strong></span> <span class='ocrx_word' id='word_1_174' title='bbox 787 2491 812 2545; x_wconf 95' lang='grc'><strong><em>9.</em></strong></span> <span class='ocrx_word' id='word_1_175' title='bbox 848 2492 892 2558; x_wconf 80' lang='lat'><strong><em>38,</em></strong></span> <span class='ocrx_word' id='word_1_176' title='bbox 914 2492 957 2558; x_wconf 84' lang='grc'><strong><em>49,</em></strong></span> <span class='ocrx_word' id='word_1_177' title='bbox 978 2491 1004 2543; x_wconf 75' lang='lat' dir='ltr'><strong><em>i.</em></strong></span> <span class='ocrx_word' id='word_1_178' title='bbox 1039 2491 1151 2544; x_wconf 81' lang='lat' dir='ltr'><strong><em>Sueten.</em></strong></span> 
     </span>
     <span class='ocr_line' id='line_1_24' title="bbox 160 2575 1150 2650; baseline -0.003 -17"><span class='ocrx_word' id='word_1_179' title='bbox 160 2581 235 2650; x_wconf 83' lang='lat' dir='ltr'><strong><em>Aug.</em></strong></span> <span class='ocrx_word' id='word_1_180' title='bbox 255 2577 300 2633; x_wconf 72' lang='grc'><strong><em>46.</em></strong></span> <span class='ocrx_word' id='word_1_181' title='bbox 341 2578 445 2632; x_wconf 79' lang='lat' dir='ltr'><strong><em>Luoan.</em></strong></span> <span class='ocrx_word' id='word_1_182' title='bbox 473 2580 506 2644; x_wconf 94' lang='grc'><strong><em>9,</em></strong></span> <span class='ocrx_word' id='word_1_183' title='bbox 529 2579 609 2634; x_wconf 67' lang='lat' dir='ltr'><strong><em>ubas.</em></strong></span> <span class='ocrx_word' id='word_1_184' title='bbox 641 2581 734 2633; x_wconf 80' lang='lat' dir='ltr'><strong><em>scilieet</em></strong></span> <span class='ocrx_word' id='word_1_185' title='bbox 762 2582 810 2632; x_wconf 82' lang='lat' dir='ltr'><strong><em>boo</em></strong></span> <span class='ocrx_word' id='word_1_186' title='bbox 841 2579 930 2632; x_wconf 89' lang='lat' dir='ltr'><strong><em>anima</em></strong></span> <span class='ocrx_word' id='word_1_187' title='bbox 960 2575 1046 2630; x_wconf 82' lang='lat' dir='ltr'><strong><em>terras</em></strong></span> <span class='ocrx_word' id='word_1_188' title='bbox 1074 2586 1150 2646; x_wconf 82' lang='lat' dir='ltr'><strong><em>atque</em></strong></span> 
     </span>
     <span class='ocr_line' id='line_1_25' title="bbox 160 2661 1150 2734; baseline -0.004 -16"><span class='ocrx_word' id='word_1_189' title='bbox 160 2683 279 2734; x_wconf 82' lang='lat' dir='ltr'><strong><em>aequora</em></strong></span> <span class='ocrx_word' id='word_1_190' title='bbox 293 2665 405 2729; x_wconf 74' lang='lat' dir='ltr'><strong><em>lastras,</em></strong></span> <span class='ocrx_word' id='word_1_191' title='bbox 423 2666 513 2718; x_wconf 88' lang='lat' dir='ltr'><strong><em>neoubi</em></strong></span> <span class='ocrx_word' id='word_1_192' title='bbox 528 2683 678 2734; x_wconf 86' lang='lat' dir='ltr'><strong><em>suppressus</em></strong></span> <span class='ocrx_word' id='word_1_193' title='bbox 691 2673 782 2732; x_wconf 87' lang='lat' dir='ltr'><strong><em>pereat</em></strong></span> <span class='ocrx_word' id='word_1_194' title='bbox 795 2681 899 2734; x_wconf 63' lang='lat' dir='ltr'><strong><em>genera</em></strong></span> <span class='ocrx_word' id='word_1_195' title='bbox 916 2662 963 2714; x_wconf 85' lang='lat' dir='ltr'><strong><em>ubi</em></strong></span> <span class='ocrx_word' id='word_1_196' title='bbox 986 2661 1150 2716; x_wconf 85' lang='lat' dir='ltr'><strong><em>Oudendor-</em></strong></span> 
     </span>
     <span class='ocr_line' id='line_1_26' title="bbox 163 2748 1149 2818; baseline 0 -18"><span class='ocrx_word' id='word_1_197' title='bbox 163 2749 226 2818; x_wconf 82' lang='lat' dir='ltr'><strong><em>pius</em></strong></span> <span class='ocrx_word' id='word_1_198' title='bbox 244 2757 272 2802; x_wconf 86' lang='lat' dir='ltr'><strong><em>et</em></strong></span> <span class='ocrx_word' id='word_1_199' title='bbox 288 2751 463 2802; x_wconf 79' lang='lat' dir='ltr'><strong>Burmannus</strong></span> <span class='ocrx_word' id='word_1_200' title='bbox 479 2748 596 2802; x_wconf 87' lang='lat' dir='ltr'><strong><em>aliorum</em></strong></span> <span class='ocrx_word' id='word_1_201' title='bbox 612 2749 746 2801; x_wconf 86' lang='lat' dir='ltr'><strong><em>librorum</em></strong></span> <span class='ocrx_word' id='word_1_202' title='bbox 765 2749 930 2817; x_wconf 88' lang='lat' dir='ltr'><strong><em>scripturam</em></strong></span> <span class='ocrx_word' id='word_1_203' title='bbox 944 2766 975 2800; x_wconf 88' lang='lat' dir='ltr'><strong><em>ne</em></strong></span> <span class='ocrx_word' id='word_1_204' title='bbox 997 2749 1045 2800; x_wconf 86' lang='lat' dir='ltr'><strong><em>tibi</em></strong></span> <span class='ocrx_word' id='word_1_205' title='bbox 1065 2766 1149 2816; x_wconf 81' lang='lat' dir='ltr'><strong><em>prse-</em></strong></span> 
     </span>
     <span class='ocr_line' id='line_1_27' title="bbox 164 2831 1150 2904; baseline -0.001 -18"><span class='ocrx_word' id='word_1_206' title='bbox 164 2833 308 2900; x_wconf 85' lang='lat' dir='ltr'><strong><em>tuleruut‚</em></strong></span> <span class='ocrx_word' id='word_1_207' title='bbox 327 2851 361 2886; x_wconf 89' lang='lat' dir='ltr'><strong><em>ne</em></strong></span> <span class='ocrx_word' id='word_1_208' title='bbox 375 2833 466 2903; x_wconf 87' lang='lat' dir='ltr'><strong><em>prima</em></strong></span> <span class='ocrx_word' id='word_1_209' title='bbox 478 2835 588 2904; x_wconf 78' lang='lat' dir='ltr'><strong><em>syllaba</em></strong></span> <span class='ocrx_word' id='word_1_210' title='bbox 606 2851 653 2886; x_wconf 86' lang='lat' dir='ltr'><strong><em>neo</em></strong></span> <span class='ocrx_word' id='word_1_211' title='bbox 674 2834 850 2902; x_wconf 79' lang='lat' dir='ltr'><strong><em>producenda</em></strong></span> <span class='ocrx_word' id='word_1_212' title='bbox 869 2839 948 2884; x_wconf 82' lang='lat' dir='ltr'><strong><em>esset.</em></strong></span> <span class='ocrx_word' id='word_1_213' title='bbox 983 2831 1020 2883; x_wconf 80' lang='lat' dir='ltr'><strong><em>dt</em></strong></span> <span class='ocrx_word' id='word_1_214' title='bbox 1041 2837 1150 2898; x_wconf 84' lang='lat' dir='ltr'><strong><em>potarat</em></strong></span> 
     </span>
     <span class='ocr_line' id='line_1_28' title="bbox 163 2915 1045 2988; baseline -0.003 -16"><span class='ocrx_word' id='word_1_215' title='bbox 163 2918 280 2987; x_wconf 77' lang='lat' dir='ltr'><strong><em>produci</em></strong></span> <span class='ocrx_word' id='word_1_216' title='bbox 294 2937 358 2984; x_wconf 86' lang='lat' dir='ltr'><strong><em>nee,</em></strong></span> <span class='ocrx_word' id='word_1_217' title='bbox 378 2919 450 2988; x_wconf 84' lang='lat' dir='ltr'><strong><em>quod</em></strong></span> <span class='ocrx_word' id='word_1_218' title='bbox 465 2938 498 2974; x_wconf 82' lang='lat' dir='ltr'><strong><em>ar-</em></strong></span> <span class='ocrx_word' id='word_1_219' title='bbox 513 2926 563 2972; x_wconf 87' lang='lat' dir='ltr'><strong><em>est.</em></strong></span> <span class='ocrx_word' id='word_1_220' title='bbox 596 2919 721 2972; x_wconf 84' lang='lat' dir='ltr'><strong><em>Laetant.</em></strong></span> <span class='ocrx_word' id='word_1_221' title='bbox 737 2919 770 2970; x_wconf 90' lang='lat' dir='ltr'><strong><em>de</em></strong></span> <span class='ocrx_word' id='word_1_222' title='bbox 786 2917 860 2986; x_wconf 70' lang='lat' dir='ltr'><strong><em>Opis.</em></strong></span> <span class='ocrx_word' id='word_1_223' title='bbox 876 2917 921 2968; x_wconf 88' lang='lat' dir='ltr'><strong><em>dei</em></strong></span> <span class='ocrx_word' id='word_1_224' title='bbox 941 2915 984 2980; x_wconf 90' lang='lat'><strong><em>11,</em></strong></span> <span class='ocrx_word' id='word_1_225' title='bbox 1003 2916 1045 2970; x_wconf 79' lang='lat' dir='ltr'><strong><em>li.</em></strong></span> 
     </span>
    </p>
   </div>
   <div class='ocr_carea' id='block_1_8' title="bbox 160 3005 1147 3260">
    <p class='ocr_par' dir='ltr' id='par_1_9' title="bbox 160 3005 1147 3260">
     <span class='ocr_line' id='line_1_29' title="bbox 203 3005 1147 3090; baseline -0.003 -16"><span class='ocrx_word' id='word_1_226' title='bbox 203 3005 317 3076; x_wconf 80' lang='lat' dir='ltr'><strong><em>Sunion.</em></strong></span> <span class='ocrx_word' id='word_1_227' title='bbox 335 3021 404 3090; x_wconf 74' lang='lat' dir='ltr'><strong><em>bug.</em></strong></span> <span class='ocrx_word' id='word_1_228' title='bbox 424 3019 467 3074; x_wconf 77' lang='lat'><strong><em>86.</em></strong></span> <span class='ocrx_word' id='word_1_229' title='bbox 484 3025 552 3090; x_wconf 82' lang='lat' dir='ltr'><strong><em>puod</em></strong></span> <span class='ocrx_word' id='word_1_230' title='bbox 569 3021 737 3090; x_wconf 83' lang='lat' dir='ltr'><strong><em>puosaoiiius</em></strong></span> <span class='ocrx_word' id='word_1_231' title='bbox 752 3023 881 3087; x_wconf 64' lang='lat' dir='ltr'><strong><em>efficeret,</em></strong></span> <span class='ocrx_word' id='word_1_232' title='bbox 900 3027 947 3071; x_wconf 89' lang='lat' dir='ltr'><strong><em>ant</em></strong></span> <span class='ocrx_word' id='word_1_233' title='bbox 961 3021 1050 3072; x_wconf 86' lang='lat' dir='ltr'><strong><em>necubi</em></strong></span> <span class='ocrx_word' id='word_1_234' title='bbox 1069 3021 1147 3072; x_wconf 82' lang='lat' dir='ltr'><strong><em>becto-</em></strong></span> 
     </span>
     <span class='ocr_line' id='line_1_30' title="bbox 160 3105 1147 3173; baseline -0.004 -13"><span class='ocrx_word' id='word_1_235' title='bbox 160 3125 216 3160; x_wconf 84' lang='lat' dir='ltr'><strong><em>rem</em></strong></span> <span class='ocrx_word' id='word_1_236' title='bbox 232 3108 273 3159; x_wconf 85' lang='lat' dir='ltr'><strong><em>uel</em></strong></span> <span class='ocrx_word' id='word_1_237' title='bbox 288 3108 434 3158; x_wconf 78' lang='lat' dir='ltr'><strong><em>auditorem</em></strong></span> <span class='ocrx_word' id='word_1_238' title='bbox 449 3109 600 3160; x_wconf 75' lang='lat' dir='ltr'><strong><em>obturbaret</em></strong></span> <span class='ocrx_word' id='word_1_239' title='bbox 618 3125 649 3159; x_wconf 87' lang='lat' dir='ltr'><strong><em>ne</em></strong></span> <span class='ocrx_word' id='word_1_240' title='bbox 661 3114 823 3169; x_wconf 85' lang='lat' dir='ltr'><strong><em>moraretur,</em></strong></span> <span class='ocrx_word' id='word_1_241' title='bbox 845 3123 927 3173; x_wconf 80' lang='lat' dir='ltr'><strong><em>neque</em></strong></span> <span class='ocrx_word' id='word_1_242' title='bbox 941 3105 1147 3173; x_wconf 78' lang='lat' dir='ltr'><strong><em>praepositiones</em></strong></span> 
     </span>
     <span class='ocr_line' id='line_1_31' title="bbox 160 3191 1070 3260; baseline -0.004 -15"><span class='ocrx_word' id='word_1_243' title='bbox 160 3192 246 3245; x_wconf 83' lang='lat' dir='ltr'><strong><em>uerbis</em></strong></span> <span class='ocrx_word' id='word_1_244' title='bbox 265 3192 377 3254; x_wconf 88' lang='lat' dir='ltr'><strong><em>addere,</em></strong></span> <span class='ocrx_word' id='word_1_245' title='bbox 396 3209 476 3258; x_wconf 82' lang='lat' dir='ltr'><strong><em>nepae</em></strong></span> <span class='ocrx_word' id='word_1_246' title='bbox 494 3192 684 3244; x_wconf 72' lang='lat' dir='ltr'><strong><em>coniunctiones</em></strong></span> <span class='ocrx_word' id='word_1_247' title='bbox 697 3191 914 3260; x_wconf 85' lang='lat' dir='ltr'><strong><em>saepius-iterare</em></strong></span> <span class='ocrx_word' id='word_1_248' title='bbox 933 3191 1070 3242; x_wconf 84' lang='lat' dir='ltr'><strong><em>dubitauit.</em></strong></span> 
     </span>
    </p>
   </div>
   <div class='ocr_carea' id='block_1_9' title="bbox 129 3279 1169 3870">
    <p class='ocr_par' dir='ltr' id='par_1_10' title="bbox 129 3279 1169 3870">
     <span class='ocr_line' id='line_1_32' title="bbox 129 3279 1146 3362; baseline -0.005 -16"><span class='ocrx_word' id='word_1_249' title='bbox 129 3279 138 3293; x_wconf 59' lang='lat'>&#39;</span> <span class='ocrx_word' id='word_1_250' title='bbox 197 3293 260 3346; x_wconf 76' lang='lat' dir='ltr'><strong><em>Lis.</em></strong></span> <span class='ocrx_word' id='word_1_251' title='bbox 283 3293 335 3358; x_wconf 87' lang='grc'><strong><em>22,</em></strong></span> <span class='ocrx_word' id='word_1_252' title='bbox 357 3293 407 3358; x_wconf 72' lang='grc'>23,</span> <span class='ocrx_word' id='word_1_253' title='bbox 431 3293 474 3347; x_wconf 86' lang='grc'><strong><em>19.</em></strong></span> <span class='ocrx_word' id='word_1_254' title='bbox 506 3295 737 3362; x_wconf 74' lang='lat' dir='ltr'><strong><em>circumspectans,</em></strong></span> <span class='ocrx_word' id='word_1_255' title='bbox 765 3295 879 3345; x_wconf 85' lang='lat' dir='ltr'><strong><em>necunde</em></strong></span> <span class='ocrx_word' id='word_1_256' title='bbox 905 3294 1014 3360; x_wconf 86' lang='lat' dir='ltr'><strong><em>impetus</em></strong></span> <span class='ocrx_word' id='word_1_257' title='bbox 1036 3293 1065 3342; x_wconf 88' lang='lat' dir='ltr'><strong><em>in</em></strong></span> <span class='ocrx_word' id='word_1_258' title='bbox 1081 3295 1146 3358; x_wconf 72' lang='lat' dir='ltr'><strong><em>sru-</em></strong></span> 
     </span>
     <span class='ocr_line' id='line_1_33' title="bbox 161 3371 1169 3449; baseline -0.009 -15"><span class='ocrx_word' id='word_1_259' title='bbox 161 3386 320 3434; x_wconf 82' lang='lat' dir='ltr'><strong><em>mentatores</em></strong></span> <span class='ocrx_word' id='word_1_260' title='bbox 327 3381 415 3446; x_wconf 84' lang='lat' dir='ltr'><strong><em>fieret·</em></strong></span> <span class='ocrx_word' id='word_1_261' title='bbox 450 3379 493 3446; x_wconf 78' lang='lat'><strong><em>28,</em></strong></span> <span class='ocrx_word' id='word_1_262' title='bbox 510 3380 536 3444; x_wconf 90' lang='lat'><strong><em>1,</em></strong></span> <span class='ocrx_word' id='word_1_263' title='bbox 553 3379 580 3432; x_wconf 91' lang='grc'><strong><em>9.</em></strong></span> <span class='ocrx_word' id='word_1_264' title='bbox 595 3381 675 3449; x_wconf 86' lang='lat' dir='ltr'><strong><em>signa</em></strong></span> <span class='ocrx_word' id='word_1_265' title='bbox 691 3397 770 3447; x_wconf 84' lang='lat' dir='ltr'><strong><em>paam</em></strong></span> <span class='ocrx_word' id='word_1_266' title='bbox 788 3379 898 3429; x_wconf 73' lang='lat' dir='ltr'><strong><em>maxime</em></strong></span> <span class='ocrx_word' id='word_1_267' title='bbox 918 3377 954 3428; x_wconf 92' lang='lat' dir='ltr'><strong><em>ad</em></strong></span> <span class='ocrx_word' id='word_1_268' title='bbox 977 3375 1077 3426; x_wconf 85' lang='lat' dir='ltr'><strong><em>laeuum</em></strong></span> <span class='ocrx_word' id='word_1_269' title='bbox 1100 3371 1145 3426; x_wconf 89' lang='lat' dir='ltr'><strong><em>ia·</em></strong></span> <span class='ocrx_word' id='word_1_270' title='bbox 1164 3382 1169 3388; x_wconf 88' lang='lat'>&#39;</span> 
     </span>
     <span class='ocr_line' id='line_1_34' title="bbox 162 3459 1143 3530; baseline -0.007 -13"><span class='ocrx_word' id='word_1_271' title='bbox 162 3465 234 3517; x_wconf 76' lang='lat' dir='ltr'><strong><em>bebai</em></strong></span> <span class='ocrx_word' id='word_1_272' title='bbox 248 3466 337 3529; x_wconf 79' lang='lat' dir='ltr'><strong><em>ferri,</em></strong></span> <span class='ocrx_word' id='word_1_273' title='bbox 357 3467 474 3517; x_wconf 81' lang='lat' dir='ltr'><strong><em>necunde</em></strong></span> <span class='ocrx_word' id='word_1_274' title='bbox 497 3467 531 3518; x_wconf 89' lang='lat' dir='ltr'><strong><em>ab</em></strong></span> <span class='ocrx_word' id='word_1_275' title='bbox 553 3464 709 3516; x_wconf 84' lang='lat' dir='ltr'><strong><em>stationibus</em></strong></span> <span class='ocrx_word' id='word_1_276' title='bbox 731 3462 833 3530; x_wconf 80' lang='lat' dir='ltr'><strong><em>punicis</em></strong></span> <span class='ocrx_word' id='word_1_277' title='bbox 855 3462 1048 3528; x_wconf 77' lang='lat' dir='ltr'><strong><em>eampiseretun</em></strong></span> <span class='ocrx_word' id='word_1_278' title='bbox 1084 3459 1143 3511; x_wconf 86' lang='lat' dir='ltr'><strong><em>Nan</em></strong></span> 
     </span>
     <span class='ocr_line' id='line_1_35' title="bbox 162 3544 1145 3628; baseline -0.005 -26"><span class='ocrx_word' id='word_1_279' title='bbox 162 3549 274 3620; x_wconf 82' lang='lat' dir='ltr'><strong><em>probari</em></strong></span> <span class='ocrx_word' id='word_1_280' title='bbox 290 3555 413 3626; x_wconf 69' lang='lat' dir='ltr'><strong><em>poterut,</em></strong></span> <span class='ocrx_word' id='word_1_281' title='bbox 435 3551 507 3618; x_wconf 86' lang='lat' dir='ltr'><strong><em>qaod</em></strong></span> <span class='ocrx_word' id='word_1_282' title='bbox 520 3548 630 3601; x_wconf 82' lang='lat' dir='ltr'><strong><em>Vossius</em></strong></span> <span class='ocrx_word' id='word_1_283' title='bbox 647 3547 769 3614; x_wconf 87' lang='lat' dir='ltr'><strong><em>reposuit</em></strong></span> <span class='ocrx_word' id='word_1_284' title='bbox 787 3545 859 3614; x_wconf 85' lang='lat' dir='ltr'><strong><em>apud</em></strong></span> <span class='ocrx_word' id='word_1_285' title='bbox 883 3545 1024 3628; x_wconf 79' lang='lat' dir='ltr'><strong><em>Catullum</em></strong></span> <span class='ocrx_word' id='word_1_286' title='bbox 1042 3545 1086 3610; x_wconf 70' lang='lat' dir='ltr'><strong><em>ar,</em></strong></span> <span class='ocrx_word' id='word_1_287' title='bbox 1102 3544 1145 3598; x_wconf 89' lang='grc'><strong>25.</strong></span> 
     </span>
     <span class='ocr_line' id='line_1_36' title="bbox 159 3627 1145 3704; baseline -0.004 -17"><span class='ocrx_word' id='word_1_288' title='bbox 159 3635 386 3704; x_wconf 74' lang='lat' dir='ltr'><strong><em>quaerendumque</em></strong></span> <span class='ocrx_word' id='word_1_289' title='bbox 400 3636 517 3688; x_wconf 82' lang='lat' dir='ltr'><strong><em>necunde</em></strong></span> <span class='ocrx_word' id='word_1_290' title='bbox 533 3640 604 3702; x_wconf 86' lang='lat' dir='ltr'><strong><em>soret</em></strong></span> <span class='ocrx_word' id='word_1_291' title='bbox 619 3629 751 3686; x_wconf 72' lang='lat' dir='ltr'><strong><em>aemonias</em></strong></span> <span class='ocrx_word' id='word_1_292' title='bbox 767 3633 850 3696; x_wconf 83' lang='lat' dir='ltr'><strong><em>iilud,</em></strong></span> <span class='ocrx_word' id='word_1_293' title='bbox 869 3634 936 3700; x_wconf 84' lang='lat' dir='ltr'><strong><em>pund</em></strong></span> <span class='ocrx_word' id='word_1_294' title='bbox 952 3641 1038 3701; x_wconf 84' lang='lat' dir='ltr'><strong><em>posset</em></strong></span> <span class='ocrx_word' id='word_1_295' title='bbox 1052 3627 1145 3683; x_wconf 81' lang='lat' dir='ltr'><strong><em>aonam</em></strong></span> 
     </span>
     <span class='ocr_line' id='line_1_37' title="bbox 158 3717 1151 3790; baseline 0.002 -18"><span class='ocrx_word' id='word_1_296' title='bbox 158 3721 256 3772; x_wconf 78' lang='lat' dir='ltr'><strong><em>soirnre</em></strong></span> <span class='ocrx_word' id='word_1_297' title='bbox 277 3718 433 3790; x_wconf 79' lang='lat' dir='ltr'><strong><em>virgineam.</em></strong></span> <span class='ocrx_word' id='word_1_298' title='bbox 474 3719 591 3788; x_wconf 80' lang='lat' dir='ltr'><strong><em>Scripsit</em></strong></span> <span class='ocrx_word' id='word_1_299' title='bbox 618 3717 758 3772; x_wconf 82' lang='lat' dir='ltr'><strong><em>Catullus:</em></strong></span> <span class='ocrx_word' id='word_1_300' title='bbox 783 3726 809 3771; x_wconf 87' lang='lat' dir='ltr'><strong><em>et</em></strong></span> <span class='ocrx_word' id='word_1_301' title='bbox 833 3719 1048 3786; x_wconf 66' lang='lat' dir='ltr'><strong><em>quaerendam,</em></strong></span> <span class='ocrx_word' id='word_1_302' title='bbox 1075 3720 1151 3774; x_wconf 79' lang='lat' dir='ltr'><strong><em>anda</em></strong></span> 
     </span>
     <span class='ocr_line' id='line_1_38' title="bbox 152 3807 300 3870; baseline -0.014 -15"><span class='ocrx_word' id='word_1_303' title='bbox 152 3809 229 3870; x_wconf 76' lang='lat' dir='ltr'><strong><em>soret</em></strong></span> <span class='ocrx_word' id='word_1_304' title='bbox 247 3807 300 3854; x_wconf 84' lang='lat' dir='ltr'><strong><em>eta.</em></strong></span> 
     </span>
    </p>
   </div>
   <div class='ocr_carea' id='block_1_10' title="bbox 139 3913 1151 4032">
    <p class='ocr_par' dir='ltr' id='par_1_11' title="bbox 139 3913 1151 4032">
     <span class='ocr_line' id='line_1_39' title="bbox 139 3913 1151 4032; baseline 0.001 -30"><span class='ocrx_word' id='word_1_305' title='bbox 139 4005 140 4012; x_wconf 16' lang='lat'>¹</span> <span class='ocrx_word' id='word_1_306' title='bbox 177 3943 208 4004; x_wconf 77' lang='lat'><strong><em>2.</em></strong></span> <span class='ocrx_word' id='word_1_307' title='bbox 233 3915 529 4020; x_wconf 73' lang='lat' dir='ltr'><strong><em>Quemadmodum</em></strong></span> <span class='ocrx_word' id='word_1_308' title='bbox 548 3951 586 4004; x_wconf 81' lang='lat' dir='ltr'><strong><em>ut</em></strong></span> <span class='ocrx_word' id='word_1_309' title='bbox 601 3963 663 4019; x_wconf 85' lang='lat' dir='ltr'><strong><em>ne,</em></strong></span> <span class='ocrx_word' id='word_1_310' title='bbox 690 3938 787 4002; x_wconf 80' lang='lat' dir='ltr'><strong><em>etiarn</em></strong></span> <span class='ocrx_word' id='word_1_311' title='bbox 805 3950 842 4003; x_wconf 82' lang='lat' dir='ltr'><strong><em>nt</em></strong></span> <span class='ocrx_word' id='word_1_312' title='bbox 857 3937 977 4032; x_wconf 83' lang='lat' dir='ltr'><strong><em>necubi</em></strong></span> <span class='ocrx_word' id='word_1_313' title='bbox 993 3937 1122 4022; x_wconf 81' lang='lat' dir='ltr'><strong><em>dicitur.</em></strong></span> <span class='ocrx_word' id='word_1_314' title='bbox 1140 3913 1151 3948; x_wconf 45' lang='lat'>²</span> 
     </span>
    </p>
   </div>
   <div class='ocr_carea' id='block_1_11' title="bbox 162 4024 1145 4215">
    <p class='ocr_par' dir='ltr' id='par_1_12' title="bbox 162 4024 1145 4215">
     <span class='ocr_line' id='line_1_40' title="bbox 206 4024 1145 4129; baseline 0.002 -21"><span class='ocrx_word' id='word_1_315' title='bbox 206 4057 293 4112; x_wconf 78' lang='lat' dir='ltr'><strong><em>Varro</em></strong></span> <span class='ocrx_word' id='word_1_316' title='bbox 307 4060 342 4112; x_wconf 85' lang='lat' dir='ltr'><strong><em>de</em></strong></span> <span class='ocrx_word' id='word_1_317' title='bbox 358 4061 400 4112; x_wconf 75' lang='lat' dir='ltr'><strong><em>rte</em></strong></span> <span class='ocrx_word' id='word_1_318' title='bbox 414 4079 436 4112; x_wconf 89' lang='lat' dir='ltr'><strong><em>r.</em></strong></span> <span class='ocrx_word' id='word_1_319' title='bbox 452 4059 479 4124; x_wconf 84' lang='grc'>2,</span> <span class='ocrx_word' id='word_1_320' title='bbox 493 4059 520 4123; x_wconf 90' lang='grc'>2,</span> <span class='ocrx_word' id='word_1_321' title='bbox 536 4059 579 4112; x_wconf 93' lang='grc'><strong><em>19.</em></strong></span> <span class='ocrx_word' id='word_1_322' title='bbox 597 4047 682 4127; x_wconf 71' lang='lat' dir='ltr'><strong><em>itaque</em></strong></span> <span class='ocrx_word' id='word_1_323' title='bbox 690 4061 799 4127; x_wconf 81' lang='lat' dir='ltr'><strong><em>faciant</em></strong></span> <span class='ocrx_word' id='word_1_324' title='bbox 816 4024 905 4129; x_wconf 72' lang='lat' dir='ltr'><strong><em>lapide¹</em></strong></span> <span class='ocrx_word' id='word_1_325' title='bbox 914 4069 1009 4125; x_wconf 86' lang='lat' dir='ltr'><strong><em>strata,</em></strong></span> <span class='ocrx_word' id='word_1_326' title='bbox 1024 4070 1051 4112; x_wconf 88' lang='lat' dir='ltr'><strong><em>nt</em></strong></span> <span class='ocrx_word' id='word_1_327' title='bbox 1066 4047 1145 4112; x_wconf 85' lang='lat' dir='ltr'><strong><em>urina</em></strong></span> 
     </span>
     <span class='ocr_line' id='line_1_41' title="bbox 162 4143 1144 4215; baseline 0 -19"><span class='ocrx_word' id='word_1_328' title='bbox 162 4144 250 4196; x_wconf 84' lang='lat' dir='ltr'><strong><em>neessbi</em></strong></span> <span class='ocrx_word' id='word_1_329' title='bbox 264 4145 291 4198; x_wconf 88' lang='lat' dir='ltr'><strong><em>in</em></strong></span> <span class='ocrx_word' id='word_1_330' title='bbox 312 4145 412 4198; x_wconf 81' lang='lat' dir='ltr'><strong><em>stabulo</em></strong></span> <span class='ocrx_word' id='word_1_331' title='bbox 435 4145 563 4198; x_wconf 79' lang='lat' dir='ltr'><strong><em>masistut.</em></strong></span> <span class='ocrx_word' id='word_1_332' title='bbox 597 4145 742 4198; x_wconf 80' lang='lat' dir='ltr'><strong><em>columen.</em></strong></span> <span class='ocrx_word' id='word_1_333' title='bbox 763 4143 973 4212; x_wconf 69' lang='lat' dir='ltr'><strong><em>u,13,(18),4.</em></strong></span> <span class='ocrx_word' id='word_1_334' title='bbox 989 4162 1096 4215; x_wconf 80' lang='lat' dir='ltr'><strong><em>granos</em></strong></span> <span class='ocrx_word' id='word_1_335' title='bbox 1111 4171 1144 4183; x_wconf 87' lang='lat'>-</span> 
     </span>
    </p>
   </div>
   <div class='ocr_carea' id='block_1_12' title="bbox 0 0 1432 4750">
    <p class='ocr_par' dir='ltr' id='par_1_13' title="bbox 0 0 1432 4750">
     <span class='ocr_line' id='line_1_42' title="bbox 0 0 1432 4750; baseline 0 1"><span class='ocrx_word' id='word_1_336' title='bbox 0 0 1432 4750; x_wconf 95' lang='lat' dir='ltr'><strong><em> </em></strong></span> 
     </span>
    </p>
   </div>
  </div>
 </body>
</html>
