2886 4756
264 331 330 404 eds
448 359 450 364 ·
477 369 481 378 ι
775 328 819 394 Ο.

37 482 39 500 '
145 571 148 582 ,
265 496 561 568 euiusaffeotiouis
585 495 632 563 vis
655 493 930 586 angetureddito
954 496 1183 566 nomiminis
1226 501 1325 568 omi

263 587 388 654 Attice.
431 585 566 674 Spectat
580 581 683 671 igitur
703 585 856 650 universa
879 582 964 650 ratio
993 583 1091 650 huius
1114 585 1324 654 interiectio·

265 673 317 738 nie
332 673 373 737 ed
387 671 489 738 animi
510 689 702 745 sensum,e
733 671 940 734 Graecorum
965 689 1026 734 usu
1050 669 1188 736 diversa.
1235 671 1324 737 lliuo

263 757 315 835 fit,
340 768 377 824 ut
393 778 491 844 saepe
515 765 592 842 poet
609 777 737 820 nomen
752 756 917 822 inseratur
940 778 961 820 o
978 755 1012 822 iu
1032 755 1140 820 medie
1156 756 1323 839 oratione,

265 843 366 912 veluti
384 842 501 929 virgil.
529 845 669 918 denati,
694 845 774 906 1962
805 851 917 928 tuqus,
948 864 992 912 0.v
1015 838 1128 905 dubita
1153 838 1323 928 nedefise

263 927 373 996 rebus.
397 933 447 1006 10,
470 930 543 992 076.
563 947 626 990 vos
642 949 663 989 ο
687 926 803 1011 potius
820 925 1037 1001 miserescite,
1058 926 1166 992 venti.
1199 928 1323 994 Poetae

264 1024 375 1082 autem
391 1013 530 1112 propius
547 1010 707 1076 accedunt
722 1011 763 1075 ed
785 1032 939 1096 graecum
964 1033 1105 1088 morem,
1135 1035 1156 1076 o
1175 1011 1209 1076 in
1225 1015 1332 1080 meru'

263 1100 466 1165 allocutione
482 1106 696 1186 apponentes,
719 1096 819 1162 veluti
839 1097 950 1185 virgil.
978 1096 1046 1162 Eel.
1065 1103 1095 1172 2,
1112 1097 1165 1162 54.
1188 1109 1221 1162 et
1242 1121 1319 1182 aios,

263 1210 283 1250 o
299 1185 404 1264 lauri,
420 1205 566 1272 carpum
584 1193 617 1247 et
641 1193 684 1258 te,
707 1181 868 1266 proximo
894 1193 1022 1268 myrto:
1051 1203 1094 1246 ne
1119 1183 1191 1268 quis
1206 1193 1319 1249 tamen

223 1265 228 1276 ’
264 1270 380 1336 efferat
399 1267 563 1358 exempla,
594 1268 628 1331 iu
651 1267 770 1352 quibus
798 1277 847 1331 est
867 1267 969 1333 Plaut.
995 1266 1097 1332 Most.
1118 1273 1203 1353 2„2‚
1223 1273 1274 1334 17.
1298 1294 1320 1333 o

266 1354 510 1442 Theoropides,
530 1355 619 1426 ltere,
642 1352 758 1418 satae:
780 1375 864 1442 quae
886 1355 985 1418 etiam
1010 1373 1086 1418 oum
1105 1355 1319 1444 veneratione

263 1443 408 1530 quadam
434 1440 519 1503 dicta
545 1448 633 1503 sunt.

367 1561 449 1614 oua
469 1559 630 1612 immortates
657 1555 751 1610 dicunt
774 1571 837 1608 cum
862 1553 1048 1621 veneratione,
1073 1555 1123 1608 sed
1147 1557 1257 1626 saepius
1277 1558 1319 1614 its

287 1669 289 1673 ·
319 1647 361 1696 'ut
387 1661 402 1696 e
426 1643 462 1694 ed
487 1643 626 1710 reliquum
654 1640 805 1695 sententiae
825 1645 933 1710 purtem
950 1633 1098 1694 reseretur.
1128 1641 1186 1696 cic.
1209 1660 1235 1710 p.
1251 1643 1315 1698 lilil.

327 1726 371 1792 38,
389 1725 448 1779 1⁰4.
469 1745 484 1779 o
504 1729 543 1780 dii
559 1730 726 1791 immortates,
747 1729 845 1792 sortem
864 1734 889 1796 et
908 1745 927 1780 o
942 1727 1017 1793 vedu,
1035 1727 1140 1791 iudices,
1158 1745 1314 1782 conseramu-

328 1813 392 1865 dum
407 1811 503 1865 virum.
532 1811 624 1865 Pleni.
644 1813 724 1865 Cure.
748 1809 774 1876 5,
802 1809 828 1875 2,
854 1808 896 1862 21.
920 1829 935 1862 o
960 1812 1037 1875 eioes,
1060 1813 1134 1864 cives.
1171 1813 1313 1868 Auxilium

329 1895 471 1964 imploret.
516 1897 578 1950 (las.
605 1895 690 1962 1,·3,
716 1895 760 1948 18.
783 1913 799 1948 e
826 1896 867 1949 mi
889 1897 969 1966 topos.
1005 1893 1103 1966 virgil.
1121 1898 1189 1952 den.
1207 1897 1234 1966 a,
1252 1897 1314 1952 000.

327 1981 430 2046 bellum
446 1999 470 2047 o,
491 1987 566 2035 terro
586 1981 699 2054 hospita,
715 1989 814 2052 pastas.
1305 1970 1308 1980 ’

358 2091 472 2146 Terent.
492 2092 606 2146 Phorm.
623 2091 649 2160 2,
667 2091 694 2162 2,
712 2091 756 2146 10.
778 2107 868 2144 esrum
886 2089 934 2142 tna
950 2105 1036 2160 saepe,
1056 2091 1188 2159 Phormio,
1214 2110 1313 2162 vereor,

326 2197 359 2232 sae
378 2179 463 2248 &istaes
480 2177 614 2245 fortitudo
639 2177 668 2229 ia
693 2194 801 2231 aereum
823 2181 952 2244 erumpat.
984 2175 1128 2230 Bentleius
1153 2164 1269 2247 ‚antelios
1296 2199 1313 2235 s

325 2263 458 2328 Phormio,
483 2267 515 2314 ut
533 2259 563 2313 in
581 2263 698 2316 essedo
723 2251 870 2315 trochaeus
894 2258 1044 2312 evitetur.“
1078 2261 1114 2316 dr
1136 2263 1315 2318 exclamatio-

327 2347 372 2400 nis
397 2346 492 2399 nullus
520 2345 566 2399 hio
596 2347 674 2400 locus
701 2350 769 2400 eret.
815 2342 912 2420 virgil.
936 2343 1006 2398 deu.
1025 2344 1051 2410 1,
1068 2346 1129 2400 027.
1149 2367 1172 2414 o,
1192 2367 1270 2418 quum
1290 2358 1314 2406 tr

324 2451 469 2496 minorem,
488 2431 586 2502 virgo?
603 2431 777 2484 Burmannus
792 2427 959 2498 interpunxit
975 2450 990 2484 o
1007 2431 1100 2500 (quom
1118 2440 1145 2486 te
1160 2435 1312 2502 memorem)

325 2521 413 2590 uirgo.
456 2515 511 2570 Setl
530 2514 644 2570 Servius
676 2533 761 2583 quum
786 2515 970 2568 dubitativam
991 2516 1113 2584 appellet
1136 2518 1311 2586 porticulum,

324 2599 496 2656 coniunxisse
514 2599 627 2652 videtur
638 2601 726 2654 verbe
744 2621 759 2654 e
778 2618 855 2678 ponsa
870 2607 896 2654 te
915 2617 1059 2654 memorem.
1086 2601 1311 2657 Wunderlioluius

325 2702 426 2758 greeae
443 2700 606 2754 comparens
623 2683 693 2737 illud
711 2705 726 2738 o
746 2685 844 2738 reterri
861 2684 938 2738 iubet
955 2684 990 2735 ed
1005 2685 1163 2738 vocativum
1179 2705 1310 2757 suppres-

326 2787 398 2826 sum.
412 2769 467 2822 Sed
481 2768 544 2821 vide
554 2785 614 2822 eno
630 2769 767 2837 pertinent
779 2769 814 2822 ed
833 2767 958 2838 proxime
975 2767 1085 2824 nomina
1100 2786 1164 2824 oum
1184 2772 1308 2828 admirn-
1424 2767 1426 2786 “

282 2885 285 2892 .
324 2855 401 2908 tione
418 2854 537 2922 quedem
558 2855 741 2922 pronuntiata.
772 2853 851 2921 Apud
869 2853 928 2906 Cio.
948 2853 983 2905 de
1000 2854 1061 2908 Fiu.
1081 2856 1107 2922 1,
1127 2855 1152 2921 8,
1172 2857 1216 2910 22.
1235 2860 1307 2926 sieri,

323 2943 441 3010 inquom,
465 2957 480 2992 o
508 2938 607 3002 Ττὶανὶ,
640 2940 713 2990 nulio
728 2945 805 3008 poeto
821 2945 922 3008 potesta
951 2940 1022 3008 quod
1049 2939 1139 2995 critici
1165 2939 1309 2994 onomius

324 3023 494 3093 quarundam
519 3021 654 3075 librorum
683 3023 786 3076 Triario
810 3021 966 3078 restituisse
993 3023 1052 3078 sibi
1076 3025 1131 3080 visi
1150 3031 1229 3094 sunt,
1248 3027 1308 3082 iure

325 3108 421 3162 reiecit
443 3105 612 3177 Madvigius.

338 3223 371 3285 2.
409 3217 474 3284 Sed
492 3218 596 3306 magis
619 3215 796 3302 conspicua
820 3227 869 3282 est
892 3216 972 3284 haee
989 3221 1073 3286 ratio
1098 3219 1133 3284 in
1147 3220 1199 3301 iis,
1224 3241 1330 3308 quae.

256 3305 466 3372 effectionem
489 3303 590 3368 enimi
614 3304 757 3390 apertius
793 3306 1003 3388 exprimunt,
1045 3307 1112 3372 sive
1136 3305 1305 3386 laetitiam,

254 3393 322 3458 sive
343 3389 514 3469 dolorem,
547 3391 614 3476 sive
637 3387 912 3468 admirationem,
945 3389 1012 3454 eive
1033 3391 1306 3478 indignationem.

256 3479 360 3566 Saepe
374 3479 408 3542 in
423 3475 571 3564 epitheto
589 3475 682 3552 inest,
704 3474 793 3560 quod
818 3476 966 3540 animum
990 3487 1199 3542 commotum
1216 3477 1305 3546 iudi-

255 3574 317 3628 oat.
353 3563 487 3628 Terent.
510 3561 647 3626 Phorm.
664 3566 696 3632 2.
714 3567 744 3636 2,
770 3565 821 3624 10.
846 3585 866 3626 o
890 3562 949 3626 eir
960 3557 1071 3650 fertis
1093 3575 1195 3650 atqrie
1212 3565 1304 3629 dmi·

253 3671 323 3714 oua.
375 3647 428 3710 Sic
460 3647 557 3710 etiam
584 3643 703 3710 blanda
729 3646 942 3734 compellatio
972 3671 992 3711 o
1012 3645 1106 3713 bone.
1148 3649 1305 3732 Nomina,

254 3755 337 3819 quae
353 3732 560 3796 nominativo
579 3731 629 3796 vel
645 3731 829 3796 accusativo
847 3747 1073 3820 apponuntur,
1091 3756 1162 3798 nou
1178 3757 1304 3824 reguu-

253 3829 309 3966 tlur
325 3841 342 3881 a
359 3815 536 3904 particula,
567 3817 709 3904 sedper
736 3816 922 3906 elliptioum
947 3819 1089 3884 modum
1111 3820 1215 3887 verbo
1242 3843 1303 3888 suo

277 3903 489 3967 estituuntur.

353 4019 500 4074 Laetitiam
518 4018 675 4089 significent
691 3987 806 4076 Terent.
822 4021 907 4076 Andr.
926 4021 951 4093 1,
972 4024 999 4090 1,
1014 4020 1057 4079 td.
1077 4044 1092 4079 o
1103 4029 1213 4094 fastum
1227 4025 1302 4082 deses

210 4117 212 4124 ·
322 4105 413 4160 deusti.
430 4105 521 4158 Plaut.
546 4099 629 4158 lllost.
649 4105 681 4170 1,
698 4103 791 4174 4312
818 4107 883 4161 Aul.
900 4107 981 4175 4,Β,
1005 4106 1032 4162 4.
1052 4128 1067 4162 e
1090 4109 1205 4178 lepidum
1226 4110 1305 4163 diens.

318 4190 375 4248 cie.
395 4189 430 4246 nd
455 4187 574 4270 ,10.12,
596 4186 663 4248 aa
686 4200 785 4264 protos
812 4199 873 4250 tuos
897 4194 964 4250 nist
988 4193 1166 4264 iucundaeque
1187 4193 1300 4252 naon.
