2886 4756
282 361 348 428 270
498 345 562 435 Q
758 323 906 417 sous

280 527 375 595 initio
391 521 570 589 sententiae
585 519 733 604 positum
749 545 817 587 non
834 517 969 586 maioris
987 539 1056 584 esse
1071 539 1169 605 posse
1181 530 1336 608 potesta-

279 615 324 678 tis
343 633 442 698 quam
465 627 535 686 nea,
550 607 651 670 critici
670 629 739 670 uon
755 630 888 692 semper
904 606 1218 672 animadverterunt.
1250 609 1334 690 Quo

281 699 385 766 modo
403 705 512 759 utilem
528 715 596 756 non
611 691 739 755 dicslur
756 704 914 780 sequente
933 703 976 770 et,
994 691 1156 756 declaravi
1173 693 1275 756 Tam.
1295 702 1331 760 2.

193 811 196 822 .
281 809 316 874 p.
344 785 417 846 499.
441 781 498 844 ubi
524 778 607 842 adde
631 779 747 844 Horat.
773 781 841 844 Art.
864 789 953 865 poet.
978 777 1051 842 195.
1103 780 1333 845 Praemittitur

280 893 350 935 non
367 867 463 932 etium
483 863 694 928 disiunclioni
712 877 873 942 peret-
890 877 933 939 et,
956 874 988 926 et
1003 900 1043 911 -
1058 885 1119 926 nee
1142 885 1332 950 expressae.

281 957 440 1104 Gngnggu.
469 951 510 1016 ad
528 952 604 1038 xCic.
631 971 666 1036 p.
692 947 765 1018 Mil.
795 931 848 1016 31.
875 949 1001 1015 Giesius
1025 947 1066 1013 ad
1087 949 1161 1016 libr.
1186 951 1230 1015 de'
1251 951 1331 1017 Div.

219 1072 223 1076 .
278 1063 314 1128 p·
387 1049 415 1103 ‘.

380 1179 438 1234 Cic.
455 1198 482 1248 p.
498 1180 600 1232 Flacco
617 1177 661 1246 22,
678 1175 729 1238 53.
753 1193 807 1228 non
830 1182 868 1228 est
888 1175 934 1236 ita,
960 1175 1066 1240 iudices,
1080 1194 1134 1228 nan
1151 1185 1187 1230 est
1200 1185 1331 1250 profecto.

344 1265 445 1320 Parud.
468 1264 495 1327 2,
518 1265 559 1318 16.
587 1282 641 1316 non
663 1264 733 1316 enim
758 1261 914 1328 magnitude
940 1261 1025 1312 enimi
1049 1263 1104 1312 eins
1125 1264 1330 1318 eruciabatnru

345 1352 447 1412 Poenis,
463 1368 514 1400 non
531 1350 657 1416 grauitas,
674 1365 726 1398 non
742 1347 816 1410 fides,
835 1362 888 1396 non
905 1347 1064 1409 constantia,
1084 1363 1137 1398 non
1152 1348 1211 1408 ,ailla
1232 1350 1330 1416 virtus,

343 1454 394 1488 non
412 1434 520 1502 deniqne
538 1433 641 1488 animos
659 1433 722 1502 ipse.
758 1430 846 1482 Multa
865 1430 990 1496 exempla
1010 1429 1121 1497 collegit
1136 1429 1274 1484 Driilienb.
1291 1434 1329 1487 ad

342 1521 403 1574 Liv.
423 1518 467 1584 4⁰,
485 1516 528 1583 15,
547 1516 573 1570 5.
608 1517 649 1569 De
675 1533 727 1570 usu
752 1513 878 1568 Sallustii
897 1513 1026 1568 disseruit
1045 1513 1169 1568 Kritzius
1186 1517 1221 1570 ud
1241 1519 1328 1573 Cutil.

258 1632 260 1636 -
344 1602 431 1674 sea.
516 1619 518 1622 ·

377 1729 436 1783 cic.
453 1726 482 1780 iu
501 1725 556 1780 Pis.
573 1723 616 1790 16,
633 1722 675 1779 37.
701 1731 789 1794 censer
806 1742 880 1790 none,
899 1725 1011 1794 Epicure
1024 1732 1117 1789 noster,
1134 1744 1163 1780 en
1176 1727 1246 1780 bara
1258 1746 1325 1797 pro·

251 1828 253 1834 ’
341 1818 426 1877 docte,
443 1829 496 1865 nea
515 1829 545 1864 ea
561 1811 657 1873 schola,
675 1816 770 1877 censer,
786 1810 810 1861 ai
826 1811 915 1872 naides,
937 1811 1079 1862 absentium
1094 1815 1167 1864 tnnin
1179 1829 1237 1864 cnm
1253 1831 1325 1866 mea.

243 1897 244 1901 ¹
340 1899 383 1965 lu,
401 1897 444 1952 43.
455 1901 582 1963 sannone
598 1897 667 1948 enim
685 1897 737 1948 ista
754 1895 805 1948 tela
823 1901 891 1960 snat,
909 1913 961 1946 non
979 1896 1079 1964 eulpae.
1096 1895 1131 1947 ed
1146 1895 1222 1948 Fam.
1237 1895 1281 1962 12,
1295 1897 1323 1963 2,

275 1995 280 2006 ’
338 1986 364 2040 6.
385 1987 469 2052 itaque
485 1982 602 2034 omnibus
619 1987 657 2032 est
672 1981 759 2042 nisus,
780 1987 810 2030 ut
824 1980 859 2030 nd
879 1986 903 2032 te
923 1986 1000 2032 antea
1022 1980 1128 2048 scripsi,
1154 1999 1254 2034 eamne
1274 2000 1322 2036 sno

338 2087 424 2132 more,
442 2085 493 2120 non
504 2067 597 2120 dicere.
612 2064 672 2116 uiv.
689 2063 716 2128 3,
731 2062 774 2132 44,
790 2063 818 2116 Β.
833 2065 873 2116 eit
888 2081 914 2116 se
934 2065 989 2116 inre
1003 2061 1132 2134 grassari,
1150 2084 1203 2118 noa
1222 2067 1258 2118 oi.
1276 2066 1322 2134 49,

338 2153 383 2219 15,
400 2153 427 2206 5.
443 2153 472 2204 id
485 2151 554 2204 enim
573 2151 643 2208 vitiis
657 2150 727 2212 aneis,
741 2167 793 2200 non
808 2150 928 2216 cedendo,
952 2150 995 2202 aui
1016 2151 1056 2202 ius
1074 2141 1177 2220 fasque
1199 2159 1247 2218 est,
1268 2170 1322 2207 nen

338 2238 473 2302 modestia,
489 2251 636 2303 consequar.
654 2233 701 2286 ubi
716 2231 778 2312 vide
797 2233 882 2286 Diels.

370 2363 429 2418 cic.
447 2379 473 2430 p.
492 2360 554 2413 Mil.
572 2359 600 2425 Ί,
619 2359 661 2413 19.
677 2361 786 2430 perinde
803 2361 877 2428 attasi
893 2359 972 2414 exitus
995 2377 1090 2426 rerum,
1114 2366 1168 2416 nan
1184 2365 1320 2420 bominum

335 2449 442 2504 aemilia
468 2448 571 2516 legibue
598 2447 769 2498 vindicentur.
802 2447 885 2498 Taso.
906 2445 932 2509 2,
955 2445 999 2510 12,
1023 2445 1068 2499 29.
1091 2451 1170 2516 quasi
1182 2452 1216 2503 de
1233 2453 1318 2520 derbe,
1386 2471 1389 2474 ·

335 2551 387 2587 aaa
408 2533 441 2584 de
465 2547 494 2583 ne
519 2533 658 2584 laboretur.
694 2529 743 2582 ubi
769 2530 903 2582 Matthiae
933 2529 993 2598 ipse
1017 2531 1164 2586 confitetur
1190 2552 1219 2588 se
1243 2537 1318 2590 malo

335 2615 482 2671 coniecisse
497 2633 528 2668 aa
546 2633 607 2668 non.
641 2613 753 2668 Sallust.
770 2613 831 2683 lug.
851 2614 895 2680 31,
914 2613 957 2666 10.
978 2619 1085 2686 perinde
1107 2621 1181 2688 euasi
1205 2637 1237 2672 aa
1266 2623 1317 2676 ιω.

335 2704 409 2767 nori‚
423 2719 475 2754 non
488 2701 603 2770 praedae
624 2699 749 2752 babeant.

363 2827 428 2881 Isiu.
445 2824 488 2889 42,
503 2823 531 2892 3,
557 2823 583 2876 b·
611 2825 680 2894 qued
703 2843 755 2876 nan
778 2825 901 2892 Parnm,
928 2843 981 2878 nun
1008 2827 1145 2882 Hannibal
1168 2825 1316 2880 violassent.

333 2913 381 2978 3³,
409 2909 460 2974 29,
489 2909 515 2961 4.
540 2917 711 2974 annotantes,
737 2927 790 2962 nan
808 2911 955 2976 infrenatos
971 2929 1075 2982 magna
1103 2902 1167 2980 pars
1184 2913 1314 2966 habebant

251 2981 256 2990 ι
332 3014 417 3068 equos.
440 2994 492 3058 21,
517 2994 561 3057 11,
586 2992 613 3046 5.
637 3011 689 3046 aon
712 3001 795 3054 noete,
816 3013 866 3046 nan
890 2997 933 3048 die
958 3015 1084 3066 umquam
1101 3006 1261 3050 cessaverant
1281 2998 1314 3049 ab
1427 3009 1428 3012 ’

332 3101 416 3153 apere.
440 3078 521 3133 ulia
547 3079 634 3131 multa
659 3077 731 3146 apud
759 3079 896 3133 Draksnb.
922 3081 955 3134 ad
984 3081 1043 3133 Liv.
1067 3079 1093 3150 Β,
1126 3081 1175 3146 31,
1209 3083 1251 3134 10.
1277 3083 1312 3135 ad

330 3167 375 3232 40,
393 3165 438 3230 15,
454 3163 480 3218 5.
501 3163 534 3217 od
553 3165 597 3227 21,
614 3163 657 3232 11,
675 3161 702 3219 5.
736 3163 835 3231 Virgil.
860 3165 925 3217 Aen.
953 3164 996 3231 12,
1020 3163 1082 3218 427.
1123 3165 1212 3221 Curtii
1232 3183 1312 3220 usum

328 3256 400 3308 bene
417 3249 540 3320 exposuit
557 3248 714 3303 Mutaellius
731 3248 766 3300 ad
783 3247 809 3313 3,
829 3248 856 3304 8.
874 3267 902 3317 p.
920 3249 963 3302 52.

269 3435 272 3444 ,
360 3381 419 3434 Νοη
436 3377 578 3446 quinquies
594 3375 712 3460 positum
730 3377 793 3429 vide
811 3378 881 3444 opud
904 3377 960 3430 Cio.
978 3359 1009 3431 iii
1031 3376 1107 3431 Verr.
1126 3377 1153 3443 3,
1179 3376 1205 3445 4,
1227 3378 1253 3432 8.
1281 3385 1310 3435 et
1386 3414 1390 3420 ,

326 3465 436 3520 Livium
453 3461 479 3528 5,
497 3462 584 3528 6,’11;
598 3462 641 3530 39,
659 3461 701 3528 33,
721 3460 747 3514 8.
780 3461 844 3518 Alia
869 3463 933 3516 vide
962 3462 1034 3532 apua
1061 3463 1199 3524 Drakenb.
1226 3465 1260 3518 nd
1280 3465 1308 3532 8,

327 3549 431 3618 34,19.
543 3546 548 3554 ’
1023 3567 1030 3584 ·

358 3675 454 3729 Facile
481 3675 656 3744 intelligitur,
684 3693 738 3745 qna
764 3675 905 3745 gravitate
932 3674 1057 3750 dieantur
1081 3677 1166 3732 haee:
1197 3675 1255 3732 cic.
1272 3677 1308 3731 do

268 3784 272 3808 ε
323 3763 391 3830 lieg-
409 3761 435 3826 2,
453 3759 478 3826 4,
492 3761 658 3831 .9..s·ntelligi
677 3761 715 3813 sie
731 3769 839 3830 oportet,
858 3769 882 3816 et
898 3762 946 3814 boo
970 3768 995 3812 et
1019 3761 1075 3814 alia
1103 3763 1176 3814 insen
1203 3780 1236 3816 nn
1258 3779 1307 3816 oe-

324 3849 376 3902 iitn
402 3848 622 3916 popularamninn
638 3863 691 3898 nan
704 3847 795 3898 babere
811 3848 847 3898 ad
863 3854 932 3902 recte
941 3851 1022 3914 fecta
1036 3848 1155 3900 vocandi.
1192 3846 1307 3912 Quintil.

266 3947 282 3980 s·
322 3931 367 3996 lu,
386 3931 412 3995 1,
432 3931 473 3984 19.
494 3949 546 3984 non
570 3931 634 3998 quia
656 3931 750 3983 nemis
774 3947 873 3998 quoque
897 3933 1051 4000 temporibus
1074 3951 1126 3984 nan
1153 3938 1178 3986 et
1195 3933 1306 4000 fecerint

267 4060 271 4068 .
324 4018 431 4088 qnidam
442 4017 491 4068 ben
515 4025 538 4068 et
555 4015 673 4082 saniant.
708 4013 765 4068 (lie.
785 4015 819 4072 de
834 4015 908 4070 Fato
932 4013 1018 4079 8,15.
1042 4034 1094 4068 non
1120 4023 1145 4075 et
1167 4021 1246 4068 nutus
1269 4023 1307 4071 est

286 4118 289 4127 ·
322 4101 380 4168 assia
407 4101 502 4154 animle
523 4100 653 4164 annicula,
673 4106 700 4152 et
725 4099 748 4152 ie
772 4101 802 4154 in
825 4101 896 4155 nari
917 4103 1049 4156 morietur.
1075 4101 1171 4170 Topie.
1192 4100 1236 4164 13,
1259 4099 1305 4158 54.

265 4218 268 4227 ·
320 4201 376 4240 nou
388 4191 414 4240 et
430 4185 552 4259 legetntu¹
566 4191 708 4256 argentum
724 4193 773 4254 est,
789 4194 812 4242 et
828 4203 881 4248 nnn
895 4195 934 4244 eet
951 4189 1044 4260 legale
1060 4195 1200 4250 nunaeraia
1222 4206 1304 4260 peen-
