2870 4760
590 333 717 407 rusa
1120 337 1184 462 su

80 525 83 530 ·
115 506 444 582 Gruterum='n.655.
462 513 491 574 1.
508 515 633 574 exstat:
653 504 756 574 docta
770 503 908 572 medita
926 525 1039 594 paene
1062 525 1182 574 masa·
1240 539 1241 542 ¹

118 616 196 661 rum
216 615 334 671 monta,
365 611 433 660 non
457 593 636 660 absurdam
662 593 855 660 existimans
880 613 956 656 eam.
975 595 1181 676 sententiam,

115 701 183 770 qua
201 679 427 767 alii⁴graecum
441 686 535 768 uocari
552 677 747 766 expressum
767 687 972 764 putaverant.
1014 677 1090 765 lpse
1103 679 1180 746 Ma·
1258 695 1261 705 “

5 765 6 776 ’
117 767 228 832 nutius
243 765 278 830 in
294 765 388 830 libris
405 765 547 866 antiquis
564 769 661 830 atium
685 763 845 853 paenitus
869 764 1006 843 incenit,
1027 775 1059 830 et
1078 765 1118 831 iu'
1131 765 1180 832 la·

116 853 196 942 pide
213 852 270 916 itto
298 873 368 918 voc.
393 851 530 917 eredita
558 872 695 914 manum
719 850 833 938 prodit
861 849 1039 938 sculptoris
1064 851 1179 917 ineru-

117 937 188 1004 diti.
211 937 238 1004 li
257 937 424 1024 vero,.qui
440 959 517 1002 cum
531 935 674 1024 Reisigio
697 937 732 1002 in
757 937 942 1001 Grammat.
958 960 991 1022 p.
1012 939 1087 1002 283.
1104 960 1180 1002 um-

116 1023 312 1112 biguitatem
332 1023 533 1089 obscoenam
548 1021 786 1088 removendam
807 1045 875 1086 esse
898 1021 1075 1086 censebant
1097 1024 1180 1090 scri·

116 1121 227 1200 ptura,
257 1129 327 1176 non
342 1119 561 1197 respexerunt
582 1107 623 1172 ad
646 1107 841 1172 adiectivnm
857 1107 1009 1197 penitas.
1046 1107 1181 1174 Scilicet

118 1195 455 1285 centwibrariorum
474 1205 541 1264 erat
560 1195 660 1259 nimis
679 1193 889 1283 pudicorum,
910 1195 1079 1283 antiquam
1096 1229 1097 1232 ¹
1121 1218 1180 1260 ro-
1299 1201 1303 1209 '

116 1283 363 1348 nuntiationem
388 1301 456 1346 non
487 1284 660 1368 attingens.
712 1281 807 1360 Quae
832 1291 881 1344 est
905 1279 1004 1344 etiam
1033 1217 1179 1368 Godofr.
1225 1298 1234 1338 ·.

116 1369 301 1454 Hermannr
317 1367 479 1432 sententia
496 1368 529 1432 in
551 1365 762 1454 Ephemcrid.
778 1364 862 1428 liter.
877 1365 1024 1454 lipsiens.
1041 1389 1069 1430 a.
1084 1372 1178 1436 1827.

116 1475 153 1520 n.
175 1460 247 1519 100.
260 1467 300 1539 p.
318 1457 394 1518 798.
424 1455 575 1518 Moserns
618 1474 677 1516 uae
692 1449 733 1516 ad
750 1451 817 1526 Cic.
832 1451 917 1540 Rep.
938 1457 969 1530 2,
983 1457 1039 1517 20.
1056 1455 1177 1540 pient.

90 1623 91 1626 Ἴ
117 1539 226 1622 affert,
237 1539 319 1604 nihii
331 1539 491 1605 efficiunt.
514 1475 790 1627 Vocdinrlapene,
800 1557 916 1626 penas,
932 1539 1067 1626 penitas
1081 1541 1179 1606 unius

117 1637 195 1692 suut
218 1625 363 1692 familiae
388 1636 486 1712 atque
509 1627 606 1712 unius
630 1623 779 1704 formae,
816 1632 849 1686 et
872 1623 998 1688 vocatis
1018 1623 1115 1712 ionga
1144 1629 1179 1692 in

141 1735 204 1779 ene
233 1722 289 1777 ant
322 1708 562 1799 in'productis
589 1709 759 1776 uocabulis
782 1727 888 1798 perrea
913 1720 945 1774 et
960 1709 1106 1797 'panitur
1129 1721 1180 1776 est

114 1733 228 1884 iretis
252 1797 355 1870 facta,
387 1808 444 1861 aut
469 1798 576 1862 brevis
606 1795 728 1860 vocalis
752 1797 787 1860 in
818 1805 990 1860 contracto
1017 1797 1178 1864 vocabulo

114 1905 204 1976 pene
228 1893 277 1948 est
299 1877 478 1970 producta:
517 1881 607 1976 quod
629 1893 809 1970 utrumque
828 1881 993 1947 similibus
1016 1883 1179 1970 exemplis

117 1981 232 2062 potest
252 1967 458 2036 confirmari.
967 1985 970 1994 ’
1098 1972 1103 1994 ⁸
1229 1973 1231 1978 ’

120 2133 122 2146 ·
206 2109 237 2172 1.
269 2104 359 2172 Perre
382 2125 450 2168 noc
465 2103 569 2170 modo
588 2127 655 2170 non
673 2099 837 2190 significat
852 2099 938 2166 idem
955 2099 1044 2188 quod
1058 2123 1179 2190 prope,

117 2189 176 2260 sad
194 2191 257 2256 nisi
276 2191 494 2270 contrarium,
511 2203 625 2260 tamen
640 2211 777 2278 prorsus
791 2187 955 2252 diversam
971 2187 1180 2277 habetsigni-

118 2275 327 2357 ficationem,
342 2298 403 2342 nec
429 2287 543 2364 potest
567 2301 626 2366 per
648 2275 792 2342 baitraba
815 2273 920 2350 reddi.
963 2273 1048 2338 Nam
1067 2295 1181 2362 prope

118 2385 192 2431 rem
211 2363 373 2448 designat,
391 2383 473 2449 quae
489 2385 559 2430 non
577 2363 676 2452 longe
692 2362 785 2428 abest
801 2360 845 2426 'ab
864 2359 926 2427 alia
946 2381 993 2438 re,
1010 2382 1101 2446 pena
1116 2381 1180 2424 au-

5 2513 9 2522 .
118 2459 188 2518 tem
204 2472 289 2528 rem,
313 2454 397 2535 q‘uae
414 2449 453 2512 ad
471 2448 566 2514 aliam
587 2451 634 2518 ite
652 2449 802 2527 accessit,
818 2455 855 2510 ut
872 2461 948 2512 crim
968 2468 1003 2510 ea
1019 2447 1109 2510 coire
1126 2457 1180 2511 at·

118 2555 186 2624 que
202 2536 236 2600 in
255 2558 291 2600 eu
308 2533 413 2622 recipi
434 2535 593 2602 rideatur.
639 2534 752 2620 ltaque
775 2531 935 2620 particula
958 2530 1090 2596 additur
1112 2553 1181 2596 no-

101 2621 283 2702 minibus,
316 2631 351 2686 ut
380 2643 433 2686 res
457 2631 513 2686 ant
536 2622 570 2686 in
592 2643 629 2686 se
652 2619 957 2706 comprehendatur
976 2617 1125 2683 absoluta
1149 2627 1182 2682 et

144 2705 237 2781 lena,
260 2717 314 2772 aut
338 2707 395 2788 ita,
416 2716 454 2771 ut
469 2729 530 2793 pro
547 2717 617 2772 tota
635 2729 671 2772 re
688 2705 791 2786 accipi
812 2705 926 2788 possit,
955 2726 1064 2791 neque
1080 2703 1182 2769 intel·

117 2729 252 2880 iigirnus
268 2809 362 2872 eum,
377 2793 439 2880 -qui
459 2794 503 2860 ita
530 2792 690 2879 loquitur,
721 2789 909 2863 definiendo
933 2799 1064 2855 tantum
1086 2811 1182 2854 acce·

119 2879 198 2944 dere
213 2878 350 2956 adrem,
363 2881 421 2942 sed
437 2889 542 2947 totam
558 2889 592 2944 et
609 2899 773 2944 summam
790 2889 860 2942 rem
878 2876 1059 2950 enuntiare,
1076 2897 1181 2963 quum

117 2963 173 3044 id,
195 2963 286 3051 quod
302 2966 350 3030 'rei
365 2964 458 3039 desit,
479 2976 547 3030 tarn
572 2965 730 3054 exiguum
747 2973 881 3028 nuttam
898 2961 1005 3027 simile
1021 2963 1182 3042 videatur,

118 3060 157 3118 ut
174 3049 298 3116 unitam
322 3049 440 3116 habeat
454 3053 630 3119 rationem.
675 3050 738 3116 Res
760 3051 768 3114 i
796 3050 914 3114 ituria
940 3070 976 3112 se
999 3059 1180 3136 spectatur,

119 3146 152 3204 et
168 3147 236 3202 tota
262 3157 325 3224 pro
349 3159 422 3201 non.
444 3137 541 3224 plena
565 3135 736 3224 accipitur,
762 3073 912 3200 aisotuu
936 3155 999 3222 pro
1024 3157 1072 3217 ea,
1096 3155 1182 3221 quaa

117 3243 188 3289 non
212 3225 255 3288 sit
280 3221 441 3290 absoluta.
485 3221 704 3310 Is1enim„‚qui
726 3221 806 3286 dicit
826 3243 914 3307 pene
934 3243 1061 3302 amaea,
1085 3214 1183 3286 audet

6 3355 7 3358 κ
120 3329 238 3379 omnes
259 3306 386 3383 dicere,
419 3308 477 3394 qui
503 3306 645 3373 fortasse
666 3331 734 3372 non
757 3317 835 3372 sunt
860 3327 990 3380 omnes,
1020 3317 1052 3369 et
1076 3307 1182 3392 quum

120 3393 297 3480 uerbapro
323 3393 476 3458 edicam
492 3394 689 3477 pronuntiet
700 3395 739 3468 is,
756 3395 811 3480 qni
832 3388 1088 3470 dubitatdioere,
1106 3413 1185 3456 ver·

118 3479 170 3546 bis
185 3501 274 3566 pen-e
290 3417 407 3544 dicam
451 3477 614 3558 rofitetur‚
630 3503 665 3544 ae
679 3479 800 3544 audere
815 3479 859 3544 ita
876 3477 995 3542 dicere.
1022 3478 1183 3544 Germani

118 3587 190 3634 non
209 3561 329 3634 habent
347 3502 555 3648 rocaiiulum,
578 3565 670 3651 quod
693 3574 806 3630 exacta
821 3563 1043 3650 respondeat:
1069 3573 1182 3630 tamen

118 3649 349 3752 indreddendo
373 3650 476 3716 latino
506 3650 656 3716 adhiberi
689 3659 830 3737 possunt
861 3647 1019 3728 vocabula
1051 3659 1183 3738 cogat

118 3759 196 3818 wie,
224 3735 432 3824 geradalria,
459 3759 556 3824 gurra
573 3735 708 3824 gleich,
745 3747 782 3800 ut
804 3737 871 3802 sint
889 3757 979 3822 pene
995 3757 1120 3803 amnas.
1144 3758 1183 3800 aa
1282 3751 1283 3754 ’

147 3833 184 3888 at
213 3821 279 3890 wia
308 3821 389 3888 att.
435 3821 539 3885 Erant
588 3823 618 3886 ui
640 3830 875 3909 compararent
905 3843 1060 3908 graecum
1081 3817 1184 3906 ὀλίγον

116 3846 193 3988 dciv,
224 3907 317 3995 quod
338 3907 508 3972 minorem
528 3846 627 3974 hairet
642 3909 722 3974 rim.

222 4043 344 4098 Plancus
357 4007 394 4096 ad
408 4041 468 4098 Cic.
481 4041 524 4108 1⁰,
542 4041 588 4110 28,
607 4043 635 4096 2.
655 4044 788 4112 confiterer
809 4039 989 4110 imprudentia
1011 4057 1051 4094 rra
1070 4041 1184 4110 tapsum,

187 4129 350 4200 &umquam
367 4129 467 4200 Lepido
486 4145 517 4182 er
533 4129 623 4204 aar'ma
637 4127 810 4182 credidissem.
846 4127 999 4180 Credulitas
1021 4125 1090 4178 arcias
1111 4141 1185 4176 error

58 4286 63 4295 .
163 4216 331 4366 1prtacrrgr'r
346 4215 565 4288 quaeramur
580 4213 724 4286 paidarar‘a
748 4212 840 4285 aptiori
864 4214 988 4361 satagas
1006 4211 1185 4316 samp-
1256 4265 1259 4270 ,
