2798 4756
506 344 754 436 parronam
800 313 803 320 ’
1094 349 1160 428 eos

89 546 125 682 p.
149 524 228 590 517.
250 518 333 586 edit.
354 515 533 604 Friedem.)
557 518 832 609 Stiirenburgiue.
879 519 990 608 Atque
1006 519 1110 586 etiam
1123 521 1160 588 in

116 609 144 674 is
158 609 296 676 alteram
322 616 453 692 partem
474 607 735 694 corriperetionis
754 629 825 672 esse
839 619 953 672 mente
971 607 1161 694 percipian-

91 696 190 778 dam,
212 695 279 762 iam
300 691 508 758 Schwornius
526 692 559 756 in
577 691 773 759 Tursellino
790 695 932 760 monuit.
970 691 1024 758 Cf.
1041 693 1161 758 Duke-

89 804 147 848 rus
171 779 213 849 ad
239 779 307 846 Liv.
334 784 387 856 23,
416 783 469 844 21.
498 775 641 842 Rothins
673 778 715 842 ad
744 779 852 844 Tacit.
878 782 955 866 Agr.
993 778 1109 864 Neque
1125 783 1161 852 in

90 869 285 934 universum
301 862 415 952 negari
432 873 553 951 potest,
576 885 618 926 cx
636 863 705 928 eius
722 863 852 950 generis
866 861 986 930 formis
1005 865 1161 951 elliptieie

91 953 233 1042 prodire
249 973 351 1018 novas
377 949 616 1037 particularum
641 949 911 1038 significationes.
957 951 1006 1016 ita
1033 949 1160 1018 factum

92 1051 154 1113 est,
175 1050 212 1102 ut
238 1038 335 1110 etiam
361 1060 430 1100 non
447 1034 598 1122 perinde
622 1058 682 1134 per
697 1060 732 1102 se
749 1047 850 1102 staret
865 1035 1051 1124 significans
1065 1039 1162 1105 nieltt
1208 1103 1209 1112 ,

88 1124 300 1214 geracleitin.
328 1121 543 1187 Recentiores
569 1131 750 1209 scriptores
776 1123 947 1189 haecum
974 1121 1161 1211 significatu
1250 1151 1254 1164 ¹

92 1213 196 1286 etiam
220 1233 292 1274 non
307 1207 462 1295 proinde
486 1207 653 1272 dixerunt.
769 1263 773 1268 .

199 1337 313 1390 Sueten.
340 1335 433 1388 natta
455 1333 499 1388 lt.
519 1353 600 1404 quare
623 1338 753 1390 adoratur
778 1335 833 1388 eim
854 1353 906 1388 nan
927 1336 1038 1406 perinde
1060 1343 1159 1406 gratur

96 1451 102 1458 -
159 1425 229 1494 sirit.
256 1420 530 1474 arianonorum
543 1422 758 1490 animi'jlnriarie
772 1449 807 1462 -
823 1429 889 1474 erat.
923 1422 1017 1490 ltaque
1039 1439 1074 1474 ne
1089 1439 1161 1475 mar·
1261 1491 1264 1500 Ι

165 1517 210 1563 tuo
235 1510 337 1578 quictem
351 1508 460 1576 perinde
474 1509 583 1575 affectae
599 1515 650 1574 eet,
668 1509 714 1560 recl
730 1514 833 1560 tantum
845 1523 897 1559 nan
918 1507 1009 1561 rtatim
1031 1525 1050 1562 a
1060 1512 1161 1576 sunem

164 1594 382 1663 elongationem
408 1594 615 1644 consuetudinem
635 1593 722 1646 rediit.

201 1719 313 1773 Patron.
333 1714 376 1769 83.
399 1717 510 1770 intravit
534 1735 610 1771 renen
622 1745 659 1756 -
683 1717 753 1770 cultu
774 1734 828 1769 non
851 1716 963 1787 proinde
979 1718 1115 1788 meriatur,
1131 1713 1163 1774 ul

159 1809 247 1878 facile
265 1807 416 1874 appareret,
435 1819 493 1854 eum
517 1819 547 1854 eu
568 1803 617 1855 leae
641 1811 706 1856 nota
730 1804 891 1855 literatorum
910 1821 972 1869 esre,
997 1821 1059 1872 quoe
1080 1806 1163 1859 aditet

166 1894 259 1947 divites
284 1889 375 1940 soleat.
408 1885 444 1939 ‘Si
466 1886 528 1954 quis
549 1885 619 1938 iliad
641 1905 693 1940 non
718 1888 829 1957 proinde
848 1890 974 1956 aperirem
990 1887 1109 1943 referret
1125 1887 1163 1942 ed

168 1973 370 2039 antecedentia,
392 1971 472 2040 quusi
491 1975 566 2023 esset
582 1979 611 2024 ut
628 1989 758 2041 magnum
778 1974 950 2043 promittebat,
976 1978 1065 2028 totam
1093 1989 1162 2027 ore-

168 2059 272 2116 tionem
290 2059 425 2111 turbaret.
462 2057 571 2110 Gellius
586 2055 629 2122 19,
647 2055 690 2108 14.
716 2057 882 2128 Nigidianae
897 2068 986 2114 autem
1000 2067 1163 2114 commenta·

167 2149 252 2202 tianee
266 2163 317 2196 non
328 2145 439 2214 proinde
456 2145 484 2197 in
497 2145 595 2214 vulgae
612 2149 710 2196 emat.

201 2263 267 2316 vua
283 2261 426 2316 Terentiir
442 2263 606 2332 percipiendi
620 2263 787 2318 Graecomm
801 2261 924 2316 instituta
936 2279 1076 2332 morerque,
1099 2279 1163 2331 quat

168 2351 275 2422 perinde
300 2351 455 2416 exprimeret
470 2349 498 2400 in
523 2349 637 2418 scriptio,
660 2366 778 2419 egressae
796 2349 885 2401 urbam
899 2355 946 2404 est.
965 2345 983 2405 i.
1002 2363 1027 2400 e.
1050 2346 1163 2418 perinde

168 2435 214 2490 nti
228 2439 335 2490 exstent
350 2434 380 2488 in
393 2434 566 2488 Graecorum
584 2431 658 2501 vite,
677 2433 751 2502 quoti
767 2439 818 2502 eet,
835 2438 940 2488 emate.

330 2857 383 2866 U
444 2727 817 2846 ,perranum

186 2915 393 2982 Adiectivum
416 2934 591 3002 perperus,
623 2931 641 2974 e
675 2931 743 2997 qno
769 2932 956 2998 perperam
984 2910 1164 2994 descendit,

101 3003 233 3070 Nonius
249 3009 281 3080 2,
300 3005 376 3066 626.
396 2999 558 3086 exemplis
574 2995 663 3062 Accii
679 3001 878 3062 monstrarit
896 2998 1034 3085 antiquo
1051 2998 1085 3064 in
1101 3019 1165 3065 usn

102 3089 222 3156 fuisse:
249 3111 347 3175 quem
366 3085 554 3150 obsoletum
572 3083 786 3148 recentissimi
810 3085 1000 3172 scriptores,
1022 3093 1061 3150 nt
1077 3084 1163 3151 sole·

102 3175 201 3256 bant,
230 3183 441 3239 revocarunt.
483 3171 533 3236 De
557 3169 686 3255 origine
709 3168 858 3241 vocabuli
882 3193 951 3234 sem
980 3193 1016 3235 er
1036 3171 1099 3236 erit
1112 3171 1165 3236 in·

103 3275 193 3327 certa
217 3262 417 3324 coniectura.
465 3255 537 3322 Per
559 3256 648 3321 enim
672 3254 713 3320 ad
738 3256 800 3321 alia
824 3193 983 3320 vocabuli
1006 3255 1165 3322 accedens

102 3369 202 3432 saepe
227 3345 352 3410 indicat
372 3365 563 3432 perversam
588 3341 753 3406 actionem
777 3351 811 3405 et
835 3341 1028 3420 interitum,
1065 3341 1165 3410 sicuti

102 3433 333 3517 germanicum
353 3452 436 3495 uer.-
460 3439 559 3514 atque
576 3425 697 3491 dicitur
706 3427 882 3514 periurus,
902 3419 1066 3515 perfiilus,
1079 3449 1165 3514 per-

104 3521 157 3585 ire
180 3517 327 3603 aliaque:
350 3538 418 3602 quo
435 3525 546 3579 autem
564 3513 670 3578 modo
688 3535 730 3577 cx
751 3511 813 3576 hac
834 3513 1085 3600 praepositione
1104 3533 1164 3578 or-

103 3615 178 3669 tum
195 3603 237 3666 eit
261 3624 397 3680 nomon,
413 3624 484 3665 non
501 3610 568 3664 tam
584 3595 681 3662 facile
696 3597 902 3686 intelligitur.
947 3595 981 3662 si
1004 3619 1085 3663 vero
1102 3621 1165 3686 pe-

102 3711 182 3758 rum
204 3686 398 3776 significavit
407 3707 623 3774 perversum,
636 3702 823 3834 perperam
839 3693 908 3748 erat
925 3705 1064 3773 prorsus
1077 3706 1166 3773 per-

103 3797 254 3841 versam.
291 3773 342 3838 Ex
358 3772 425 3840 hoc
441 3772 546 3836 latino
563 3793 643 3836 voca
668 3771 721 3836 ula
736 3791 854 3856 graeca
871 3771 1017 3854 nlpneoac
1038 3781 1072 3837 et
1088 3795 1166 3856 neo·

103 3857 284 3946 περεύεσθαι
301 3858 388 3924 facta
404 3880 485 3936 esse,
507 3857 708 3946 argumentis
722 3856 798 3922 satie
814 3856 947 3922 idoneis
959 3855 1165 3959 comproba·
1267 3900 1276 3958 '‚

102 3949 150 4014 vit
168 3945 389 4012 Doederlinus
412 3944 447 4010 in
474 3941 623 4032 Etymol.
642 3941 745 4008 Tam.
760 3941 785 4010 1.
806 3965 839 4032 p.
865 3944 919 4008 64.
949 3943 1075 4010 Graece
1094 3965 1164 4010 ram

104 4033 276 4100 Reinesius
308 4028 517 4118 comparavit
537 4029 573 4094 in
593 4027 733 4127 Epistol.
752 4028 792 4094 ad
814 4029 995 4096 Daumium
1011 4051 1046 4119 p.
1061 4030 1091 4095 4.
1105 4027 1165 4094 ubi

104 4121 204 4208 Casp.
219 4115 349 4184 Barthii
371 4117 520 4204 ineptam
543 4113 758 4202 opinionem,
781 4137 973 4203 perperam
1000 4124 1164 4205 corrupto

105 4205 380 4296 pronuntiatione
395 4225 413 4272 e
428 4221 615 4296 querquera
630 4197 761 4270 factum
774 4221 857 4284 esse,
878 4200 999 4270 reiicit.

139 4343 146 4374 l
