2854 4750
74 361 79 371 ‚
156 309 275 434 ‘aa
397 409 404 413 ,
606 320 707 390 Nun.
749 322 916 408 nuova.

199 543 202 549 ,
232 493 298 581 ipsi
314 489 423 558 Latini
437 515 500 558 nee
518 512 581 580 pro
599 513 713 580 neque·
728 493 951 582 desipiebant,
974 493 1070 580 eique
1094 493 1184 576 vim,
1206 498 1314 584 llatae»

233 578 415 667 particulae
453 599 515 666 que
549 577 685 664 propria
719 590 787 661 est,
823 579 1024 644 tribuebant.
1086 581 1198 660 Quare
1226 605 1294 646 nos
1311 585 1344 644 ,⁸

234 663 406 752 oportebit
421 674 454 728 et
466 667 566 728 usum
584 663 624 728 ab
642 665 770 752 origine
785 663 985 753 distinguere
1002 675 1035 730 et
1048 661 1089 729 ¹ea
1107 667 1296 748 observare,
1350 731 1353 734 ,

233 752 270 816 in
294 751 413 900 quiippe
437 748 596 836 primaria
618 751 713 816 notio
731 772 804 816 non
829 752 989 817 exstincta
996 799 1008 836 ,
1027 751 1086 816 sed
1118 752 1297 818 obscurata

233 859 305 902 esse
323 837 353 903 vi
378 845 502 900 estun
1080 874 1082 877 -

318 1001 390 1084 Ne,
414 1005 526 1092 quod,
551 1015 588 1070 ut
611 1004 927 1086 demonstravimus,
950 1005 1071 1072 maiori
1091 1026 1169 1070 cum
1183 1005 1215 1070 vi
1231 1027 1306 1069 ne-
1329 1014 1336 1031 ⁸

235 1100 307 1178 gat,
332 1100 365 1155 et
382 1089 473 1163 idem
489 1091 643 1178 estquod
659 1087 717 1174 μή,
738 1094 891 1158 assumsit
907 1093 1052 1158 litteram
1069 1115 1087 1156 c
1102 1115 1170 1158 nou
1187 1091 1296 1156 modo

236 1176 279 1240 ed
304 1176 590 1268 corroborandam
614 1199 748 1256 vocem,
781 1177 903 1244 autad
932 1177 1122 1242 evitandum
1154 1176 1315 1256 hiatum,

237 1261 296 1326 sed
311 1285 388 1326 eum
402 1261 650 1350 significationis
668 1264 887 1329 incremento.
930 1263 1002 1336 Est,
1014 1265 1104 1328 enim
1128 1263 1210 1328 illud
1234 1263 1306 1328 de'-'

235 1349 494 1413 monstrativum
516 1373 573 1427 ce,
597 1349 688 1436 quod
711 1349 809 1417 etiam
832 1350 866 1414 in
887 1349 978 1426 illic,
997 1350 1065 1424 sie,
1084 1361 1183 1430 trine,
1203 1371 1298 1414 ¹irritet:
1383 1405 1391 1421 ,

235 1445 391 1522 apparet:
413 1456 521 1520 neque
539 1445 649 1522 potest
663 1457 818 1522 graecum
839 1433 896 1505 oda
917 1435 1120 1522 comparari,
1145 1435 1236 1522 quod
1259 1435 1309 1502 in.

156 1533 163 1554 t
235 1517 275 1584 od
298 1519 420 1584 amittit
440 1520 585 1584 litteram
603 1521 830 1613 primitivam,
861 1521 962 1588 veluti
984 1545 1025 1585 ex
1057 1521 1092 1584 in
1122 1544 1160 1602 e,
1188 1516 1324 1606 neque-¹

236 1606 356 1687 μηκέτι,
385 1605 476 1692 quod
500 1627 541 1672 ex
563 1606 670 1671 verbis
686 1604 736 1689 psl
761 1603 860 1672 οὐκέτι
885 1605 1061 1672 contractis
1084 1617 1201 1672 nutum
1224 1627 1298 1672 essu

235 1713 306 1756 non
325 1691 396 1756 siue
418 1691 562 1757 veritatis
579 1693 688 1780 specie
710 1693 868 1779 opinatur
888 1693 1121 1758 Buttmannus.
1163 1691 1299 1766 Etenim

237 1799 294 1856 ea,
318 1776 499 1863 quaecum
521 1777 591 1842 aliis
607 1777 830 1863 grammaticis
853 1779 953 1844 etiam
968 1779 1168 1866 Hartuugius
1193 1801 1227 1866 p.
1242 1781 1298 1844 90.

237 1862 341 1928 Tom.
357 1867 389 1928 2.
411 1861 452 1928 ad
469 1861 700 1950 explicandam
718 1863 862 1940 litteram
877 1887 895 1928 a
914 1862 1020 1945 affert,
1036 1863 1299 1946 vocabulasiou-

237 1945 303 2028 bi,
325 1947 470 2028 alieubi,
503 1950 599 2014 alieni
620 1959 699 2014 sunt
721 1949 868 2037 generis:
903 1948 985 2014 illud
1013 1971 1055 2028 eir
1086 1949 1119 2013 si
1144 1947 1299 2036 quesibi,

208 2061 211 2070 ¹
236 2033 304 2100 hoc
322 2057 364 2099 ex
380 2035 495 2123 ulique
511 2033 568 2099 ubi
583 2032 718 2102 laetum.
763 2033 828 2098 Sed
846 2035 951 2100 Latini
977 2034 1206 2123 gradationem
1228 2044 1299 2098 sta-

237 2130 377 2184 tuerunt
400 2121 436 2185 in
460 2121 689 2208 negationibus
717 2119 949 2209 multiplicem.
994 2121 1080 2186 Nam
1102 2144 1146 2186 ue
1167 2121 1300 2208 gravior
1374 2125 1379 2134 “

239 2216 290 2272 est
310 2229 409 2294 quam
426 2229 513 2289 non,
540 2230 602 2271 nee
620 2207 717 2272 etiam
744 2208 877 2294 gravior
900 2229 1001 2294 quam
1022 2229 1082 2279 ne,
1107 2207 1300 2292 gravissima

239 2315 283 2357 ne
297 2329 337 2342 -
354 2291 511 2380 quidem,
533 2314 760 2382 nequaquam.
802 2297 909 2384 Atque
931 2291 1046 2358 eadem
1063 2293 1209 2368 ratione,
1234 2313 1299 2376 qua

238 2401 302 2444 neo
323 2377 509 2456 formatur,
533 2377 827 2444 demonstrativum
849 2377 1042 2464 particulam
1058 2377 1176 2442 Graeci
1200 2377 1298 2442 adbi-

239 2463 318 2528 bere
332 2464 482 2529 solebant
491 2461 529 2528 ad
550 2463 783 2528 intendendam
798 2467 1027 2548 negationemr
1050 2463 1301 2528 dicebantenim

240 2546 313 2614 oaldi
333 2598 343 2627 ‚
365 2551 399 2614 in
420 2569 488 2634 quo
505 2549 537 2612 dl
554 2548 700 2612 eiusdem
717 2558 766 2612 est
781 2549 939 2634 originis,
963 2549 1016 2614 cui
1034 2551 1221 2634 germanica
1237 2571 1301 2613 uo-

241 2635 356 2700 eabula
373 2633 442 2708 du,
465 2631 544 2712 der,
564 2633 691 2720 aliaque
706 2632 885 2699 debentur:
907 2657 969 2700 nee
986 2645 1111 2700 temere
1127 2636 1224 2699 verba
1239 2658 1302 2700 uec

242 2721 789 2808 opinanseomparatasuntcum
817 2717 883 2786 οὐδ’
910 2718 1046 2803 οἰόμενος
1070 2722 1158 2808 apud
1181 2721 1301 2789 Xeno·
1367 2763 1369 2772 ·

241 2806 407 2896 phontem
434 2803 537 2870 Mem.
562 2805 654 2869 Socr.
680 2811 711 2884 3,
729 2808 759 2884 5,
775 2806 846 2870 ἳίω
871 2830 931 2872 uec
954 2807 1077 2872 frustra
1104 2805 1303 2893 disceptabi-

242 2913 338 2964 mus,
359 2901 475 2954 utrum
491 2890 578 2978 apud
597 2891 763 2956 Catullum
786 2893 998 2961 scribendum
1014 2895 1056 2957 sit
1077 2915 1139 2957 nee
1148 2891 1303 2982 -funera

244 3001 287 3044 an
315 2999 385 3054 nef
410 2977 538 3040 sineru:
560 2987 739 3062 utrumque
762 2977 847 3042 bene
872 3003 907 3044 se
930 2977 1048 3044 habete
1070 2977 1128 3042 sed
1151 2981 1244 3044 instat
1260 2979 1302 3042 de

244 3073 360 3128 caussa
376 3061 581 3141 boba-sidero
600 3073 633 3125 et
647 3052 851 3128 Doederlino
873 3064 1108 3146 assentiemur,
1131 3065 1189 3152 qui
1211 3087 1302 3152 nego
1330 3095 1331 3098 ¹

244 3159 279 3215 et
293 3170 375 3219 raeco
393 3147 438 3212 ob
455 3169 521 3214 una
537 3149 664 3236 origine
681 3149 830 3214 v'oeabuli
844 3173 905 3217 nee
926 3150 1125 3226 deriserunt,

329 3317 426 3384 Aliud
447 3339 571 3383 nomen
594 3327 772 3406 estusque
788 3341 830 3386 ex
848 3331 941 3386 nest
960 3343 1022 3410 que
1044 3318 1183 3386 factum.
1230 3321 1304 3402 Qua

243 3413 356 3472 autem
380 3405 558 3490 eumaqnis
581 3415 778 3490 cognatum,
815 3427 886 3471 non
915 3407 1020 3472 modo
1053 3407 1210 3494 copulat,
1235 3405 1304 3470 'sed

246 3492 347 3557 etiam
375 3512 436 3576 per
453 3509 546 3567 eam,
568 3511 651 3574 quae
677 3490 706 3554 ei
730 3493 841 3556 inuata
867 3497 933 3571 est,
956 3492 1127 3558 relativam
1150 3503 1304 3556 naturam

246 3575 434 3662 aequatiani
450 3575 603 3656 inservit,
627 3577 675 3638 uti
692 3577 831 3642 vidimus
848 3579 883 3642 in
902 3579 954 3644 ita
978 3601 1030 3642 rte.
1074 3575 1187 3659 Quarb
1200 3599 1306 3666 neque

248 3659 412 3748 signifieat
426 3659 530 3727 modo
546 3670 579 3726 et
594 3663 720 3740 nesius
736 3674 769 3729 et
783 3686 871 3741 nou,
893 3601 995 3729 modo
1016 3663 1124 3732 etiam
1139 3671 1221 3734 nuti.
1264 3660 1277 3674 ’

176 3872 182 3887 x
334 3813 500 3879 Habemus
530 3813 631 3901 igitur
658 3813 738 3878 duas
756 3814 904 3893 formas,
935 3817 1071 3884 alteram
1093 3817 1307 3884 demonstra.

166 3953 169 3956 .
249 3900 454 3980 tissimum,
481 3898 618 3967 alteram
640 3900 811 3966 relativam
836 3925 959 3990 neque,
991 3925 1074 3988 quae
1104 3921 1307 3990 quamquam

248 3987 285 4052 in
309 3985 423 4071 multis
452 3985 626 4071 propriam
648 3985 714 4065 sibi
735 3986 900 4052 vindicant
925 3988 1219 4073 significationem,
1254 3999 1307 4052 ta·

248 4092 328 4136 men
347 4093 416 4134 nun
441 4070 545 4134 modo
570 4081 711 4158 propter
735 4071 867 4138 formae
886 4075 1156 4155 similitudinem,
1180 4075 1237 4138 sed
1262 4075 1307 4138 ob

250 4158 360 4246 ipsum
379 4157 617 4242 cognationem
633 4157 729 4224 facile
747 4167 915 4246 poterant*
927 4160 1015 4228 inter
1033 4183 1069 4236 se
1095 4161 1309 4238 commutari,

1401 3599 1414 3614 Ι
1398 3313 1403 3323 -
